1663 2564
185 113 238 145 ΙΙ.
292 113 381 145 THE
410 113 583 146 TABLES
611 114 708 146 ΛΚΕ
742 114 930 146 TURNED
958 115 1021 146 ΟΝ
1053 114 1143 146 ΤΗΕ
1173 114 1380 147 ROMANS.
1419 117 1441 158 7

127 214 242 264 copia
261 221 373 261 esset,
391 227 471 253 non
489 215 583 253 mihi
602 215 750 266 paterni
770 215 886 253 animi
905 214 1054 254 indoles
1073 215 1112 253 in
1132 214 1293 254 consilio
1314 211 1444 253 dando

126 278 288 318 deesset.
326 279 518 330 Equidem
537 287 702 318 mortem
723 292 793 330 pro
813 280 935 330 patria
952 280 1188 330 praeclaram
1207 291 1292 318 esse
1312 279 1445 325 fateor,

125 350 165 382 et
192 356 255 382 me
284 345 342 383 vel
370 345 557 384 devovere
585 357 655 395 pro
683 345 829 395 populo
857 345 1039 384 Romano
1068 345 1359 395 legionibusque
1387 344 1445 382 vel
1466 357 1525 391 155

125 408 165 446 in
185 410 335 448 medios
353 422 416 448 me
436 411 638 448 immittere
657 410 786 448 hostes
805 418 957 460 paratus
977 422 1088 458 sum;
1117 410 1185 448 sed
1204 410 1265 447 hic
1284 409 1445 459 patriam

125 474 248 521 video,
277 475 339 513 hic
373 475 556 526 quicquid
587 475 853 513 Romanarum
886 476 1083 526 legionum
1116 481 1201 522 est3
1241 487 1340 525 quae
1373 474 1446 512 nisi

124 551 196 589 pro
229 552 270 578 se
303 541 395 590 ipsis
427 541 477 579 ad
510 547 675 578 mortem
708 553 815 579 ruere
848 540 992 586 volunt,
1027 540 1119 591 quid
1152 540 1306 586 habent,
1340 540 1446 590 quod

124 611 248 643 morte
280 617 350 644 sua
383 607 560 644 servent?
617 605 740 644 Tecta
768 605 883 651 urbis,
912 605 1015 644 dicat
1044 605 1191 656 aliquis,
1223 612 1260 643 et
1291 605 1446 643 moenia

123 677 161 708 et
189 683 275 708 earn
304 671 466 718 turbam,
495 684 518 709 a
546 684 623 722 qua
650 671 741 709 urbs
771 671 959 709 incolitur.
1015 670 1143 709 Immo
1173 670 1325 709 hercule
1355 682 1444 720 pro·
1466 674 1526 706 160

123 734 263 773 duntur
281 748 328 774 ea
351 737 493 783 omnia,
514 736 640 775 deieto
669 736 744 774 hoc
773 736 952 782 exercitu,
973 748 1053 774 non
1083 742 1287 774 servantur.
1346 734 1445 781 Quis

121 801 225 838 enim
253 813 299 840 ea
329 803 522 840 tuebitur?
578 802 748 840 Imbellis
779 802 954 840 videlieet
983 809 1097 852 atque
1131 801 1287 840 inermis
1321 801 1444 839 multi-

61 894 64 897 ·
121 865 226 905 tudo.
282 867 386 905 Tam
423 867 587 913 hercule,
625 879 742 918 quam
781 879 804 905 a
841 866 1042 906 Gallorum
1079 867 1225 917 impetu
1262 866 1443 905 defendit.

121 931 188 969 An
219 943 243 969 a
272 931 379 970 Veiis
417 933 625 971 exercitum
660 931 942 982 Camillumque
976 933 1115 971 ducem
1153 932 1442 982 implorabunt?

121 995 199 1034 Hic
218 1009 355 1035 omnes
375 1009 464 1048 spes
484 1009 655 1048 opesque
682 1004 782 1043 sunt,
804 1010 900 1048 quas
927 998 1114 1036 servando
1134 998 1297 1048 patriam
1317 1010 1441 1036 serva·
1463 1000 1523 1043 165

120 1073 219 1108 mus,
248 1062 429 1101 dedendo
464 1063 512 1101 ad
546 1075 681 1102 necem
715 1064 877 1113 patriam
905 1063 1116 1101 deserimus
1151 1075 1196 1100 ac
1230 1063 1439 1113 prodimus.

119 1127 172 1164 At
204 1127 319 1166 foeda
356 1135 470 1178 atque
508 1129 767 1178 ignominiosa
799 1128 941 1167 deditio
979 1136 1048 1167 est.
1115 1127 1194 1166 Sed
1225 1139 1272 1166 ea
1304 1129 1440 1166 caritas

119 1192 264 1242 patriae
293 1200 363 1238 est,
392 1200 434 1231 ut
466 1201 546 1231 tam
579 1194 793 1243 ignominia
822 1206 908 1231 eam
937 1206 1054 1243 quam
1084 1202 1208 1231 morte
1236 1200 1379 1239 nostra,
1409 1194 1440 1231 si

118 1270 218 1309 opus
247 1259 306 1306 sit,
336 1271 542 1298 servemus.
599 1259 788 1298 Subeatur
817 1272 908 1310 ergo
936 1260 1018 1306 ista,
1046 1265 1342 1309 quantacunque
1371 1264 1438 1303 est,

118 1323 326 1374 indignitas
355 1331 394 1363 et
426 1332 601 1374 pareatur
629 1325 858 1371 necessitati,
887 1337 1003 1374 quam
1033 1336 1082 1362 ne
1111 1323 1163 1361 dii
1192 1323 1348 1374 quidem
1375 1335 1438 1361 su·
1461 1334 1521 1368 170

117 1397 265 1439 perant.
322 1389 392 1436 Ite,
418 1391 608 1436 consules,
632 1390 804 1428 redimite
833 1390 948 1428 armis
977 1389 1178 1436 civitatem,
1200 1401 1317 1439 quam
1346 1400 1439 1427 auro

117 1455 284 1494 maiores
303 1456 413 1494 vestri
432 1454 699 1494 redemerunt.'

422 1624 454 1657 5.
503 1615 567 1648 πε
591 1614 727 1649 Consuls
751 1614 868 1649 exceed
889 1613 976 1648 their
995 1621 1141 1659 powers.

173 1715 366 1755 Consules
397 1715 558 1767 profecti
592 1717 642 1755 ad
674 1716 855 1755 Pontium
888 1717 928 1754 in
961 1717 1209 1767 colloquium,
1240 1729 1359 1768 quum
1391 1718 1440 1758 de

118 1781 274 1820 foedere
302 1782 423 1820 victor
448 1782 618 1832 agitaret,
638 1789 827 1832 negarunt
855 1783 1001 1821 iniussu
1029 1783 1163 1833 populi
1191 1783 1328 1822 foedus
1358 1784 1437 1822 fieri

119 1855 247 1899 posse,
267 1859 339 1886 nec
366 1848 448 1885 sine
474 1847 663 1885 fetialibus
689 1848 998 1898 caerimoniaque
1023 1848 1097 1886 alia
1123 1849 1308 1887 sollemni.
1363 1849 1437 1887 Ita·
1461 1858 1519 1892 175

118 1925 194 1964 que
218 1925 310 1959 non,
330 1919 373 1951 ut
391 1912 506 1962 vulgo
527 1913 689 1950 credunt
709 1912 969 1963 Claudiusque
989 1913 1103 1950 etiam
1123 1914 1263 1960 scribit,
1283 1914 1438 1952 foedere

118 1991 195 2029 pax
226 1978 414 2024 Caudina,
445 1978 515 2016 sed
547 1990 616 2028 per
649 1978 900 2028 sponsionem
934 1978 1035 2016 sacta
1067 1986 1135 2016 est.
1196 1978 1303 2025 Quid
1334 1981 1437 2018 enim

118 2051 184 2082 aut
216 2044 471 2094 sponsoribus
509 2044 548 2080 in
583 2043 736 2081 foedere
770 2055 869 2094 opus
902 2051 1002 2082 esset
1034 2051 1099 2082 aut
1130 2044 1338 2092 obsidibus,
1371 2046 1437 2083 ubi

117 2109 335 2160 precatione
354 2121 415 2147 res
437 2109 667 2158 transigitur,
686 2121 756 2158 per
774 2121 890 2159 quem
910 2109 1097 2159 populum
1116 2109 1193 2156 fiat,
1212 2122 1290 2160 quo
1310 2112 1435 2149 minus

116 2175 266 2225 legibus
300 2174 411 2213 dictis
445 2182 575 2220 stetur,
609 2182 651 2212 ut
683 2186 772 2212 eum
810 2175 863 2213 ita
895 2174 1065 2224 Iuppiter
1097 2174 1216 2221 feriat,
1250 2177 1434 2226 quemad·
1457 2182 1517 2216 180

116 2239 277 2279 modum
295 2251 319 2278 a
338 2239 528 2278 fetialibus
548 2251 689 2291 porcus
709 2239 873 2278 feriatur.
923 2239 1225 2290 Spoponderunt
1244 2242 1434 2289 consules,

116 2306 242 2356 legati,
267 2312 502 2356 quaestores,
525 2306 664 2344 tribuni
694 2305 867 2351 militum,
895 2306 1131 2356 nominaque
1158 2308 1345 2354 omniurn,
1369 2309 1434 2358 qui
