1663 2564
283 132 354 163 ΙΙΙ.
419 131 510 163 THE
538 131 738 163 RETURN
767 133 826 164 oF
858 133 948 164 THE
977 132 1267 174 CONQUERED.
1388 136 1432 166 11

119 229 250 268 haberi
278 237 440 281 coeptus
465 238 567 278 erat;
598 231 777 270 dimissus
797 232 937 271 deinde
963 232 1190 271 auxiliorum
1217 237 1435 282 apparatus,

119 301 324 345 postquam
345 296 580 334 deditionem
600 303 679 334 tam
699 297 814 336 foede
840 297 980 336 factam
1007 305 1236 348 acceperunt
1251 310 1261 345 ;
1290 304 1435 335 extem·
1456 302 1516 344 265

118 359 261 410 ploque
294 361 375 399 sine
408 361 484 399 ulla
513 361 665 412 publica
698 363 920 402 auctoritate
948 375 1180 402 consensum
1210 363 1249 400 in
1279 373 1435 401 ornnem

119 424 283 463 formam
302 426 425 464 luctus
444 433 512 465 est.
569 426 774 466 Tabernae
795 428 894 467 circa
913 428 1039 466 forum
1059 429 1211 466 clausae
1237 428 1437 466 iustitium-

117 502 194 540 que
219 491 259 528 in
285 491 369 530 soro
396 504 466 530 sua
488 499 627 542 sponte
653 500 834 543 coeptum
860 495 964 544 prius
990 506 1107 544 quam
1137 495 1344 540 indictum;
1372 492 1435 530 lati

118 555 225 603 clavi,
246 557 348 595 anuli
371 558 476 595 aurei
496 559 635 608 positi;
665 571 786 608 paene
811 560 992 597 maestior
1011 560 1178 598 exercitu
1200 560 1286 609 ipso
1306 559 1435 596 civitas

117 632 202 659 esse
218 634 229 668 ;
265 634 336 660 nec
366 623 527 661 ducibus
558 624 683 662 solum
714 632 827 674 atque
858 626 1078 663 auctoribus
1109 625 1434 674 sponsoribusque
1457 634 1520 667 ²70

118 686 225 737 pacis
245 687 368 734 irasci,
388 688 456 726 sed
476 689 657 728 innoxios
683 690 798 728 etiam
817 690 956 728 milites
975 691 1105 728 odisse
1125 698 1161 728 et
1181 702 1322 739 negare
1342 689 1436 726 urbe

118 752 272 790 tectisve
296 754 555 803 accipiendos.
611 754 741 802 Quam
761 756 1057 794 concitationem
1083 756 1299 793 animorum
1325 754 1436 804 fregit

117 816 304 855 adventus
330 819 517 873 exercitus
542 819 657 857 etiam
683 819 786 858 iratis
814 820 1048 857 miserabilis.
1105 818 1198 857 Non
1224 819 1327 857 enim
1352 824 1435 855 tan-

61 894 65 898 *
116 893 234 932 quarn
271 882 310 920 in
343 884 505 933 patriam
538 891 769 923 revertentes
801 897 849 923 ex
882 885 1075 934 insperato
1108 884 1334 930 incolumes,
1367 883 1436 922 sed

117 955 316 997 captorum
344 948 475 986 habitu
502 949 682 1000 vultuque
710 950 870 1000 ingressi
897 962 983 988 sero
1012 951 1052 987 in
1080 950 1215 988 urbem
1245 950 1298 987 ita
1325 961 1367 987 se
1396 949 1434 986 in
1458 961 1518 997 ²75

117 1013 195 1051 suis
215 1014 376 1064 quisque
396 1015 506 1052 tectis
525 1015 762 1061 abdiderunt,
778 1022 819 1054 ut
838 1022 993 1065 postero
1013 1021 1127 1065 atque
1147 1015 1436 1064 insequentibus

117 1078 252 1117 diebus
285 1092 402 1118 nemo
435 1093 569 1118 eorum
603 1081 729 1119 forum
763 1088 827 1119 aut
859 1081 1055 1131 publicum
1086 1081 1284 1130 adspicere
1314 1080 1433 1117 vellet.

117 1143 308 1182 Consules
341 1146 381 1183 in
409 1146 555 1195 privato
583 1146 702 1184 abditi
731 1147 822 1184 nihil
851 1159 922 1196 pro
956 1146 1180 1196 magistratu
1210 1157 1335 1195 agere,
1363 1145 1435 1183 nisi

115 1210 222 1259 quod
258 1222 481 1259 expressum
516 1219 668 1249 senatus
699 1211 874 1249 consulto
904 1217 971 1255 est,
1001 1218 1041 1248 ut
1075 1211 1300 1248 dictatorem
1334 1210 1434 1248 dice-

114 1282 199 1313 rent
222 1276 466 1313 comitiorum
493 1287 619 1314 causa.
676 1274 726 1322 Q.
747 1275 911 1313 Fabium
931 1276 1165 1314 Ambustum
1191 1275 1379 1321 dixerunt,
1399 1282 1436 1314 et
1457 1282 1519 1314 280

114 1339 156 1377 P.
176 1339 330 1378 Aelium
355 1340 514 1378 Paetum
543 1341 769 1390 magistrum
795 1342 991 1391 equitum;
1020 1341 1159 1390 quibus
1183 1341 1273 1379 vitio
1299 1340 1436 1379 creatis

114 1405 264 1443 suffecti
284 1404 339 1443 M.
360 1405 546 1444 Aemilius
567 1406 695 1456 Papus
714 1405 887 1452 dictator,
907 1406 951 1444 L.
972 1406 1145 1444 Valerius
1165 1406 1325 1444 Flaccus
1354 1418 1434 1443 ma-

113 1471 230 1520 gister
248 1472 431 1521 equitum.
468 1471 552 1510 Nec
572 1484 640 1522 per
659 1484 727 1510 eos
747 1472 902 1510 comitia
920 1472 1073 1520 habita3
1097 1479 1134 1510 et
1149 1473 1239 1522 quia
1258 1472 1435 1510 taedebat

113 1536 300 1586 populum
329 1537 504 1575 omnium
532 1538 823 1587 magistratuum
851 1538 932 1576 eius
961 1538 1062 1584 anni,
1083 1549 1144 1576 res
1173 1537 1224 1576 ad
1251 1538 1433 1587 interreg-

113 1614 206 1639 num
239 1601 358 1640 rediit.
423 1603 641 1653 Interreges
675 1602 725 1650 Q.
759 1602 901 1641 Fabius
934 1602 1141 1649 Maximus,
1177 1602 1232 1641 M.
1260 1603 1434 1641 Valerius
1457 1608 1515 1649 ²85

112 1667 273 1705 Corvus.
329 1667 369 1706 Is
400 1668 578 1706 consules
609 1669 747 1706 creavit
780 1667 829 1715 Q.
858 1667 1060 1706 Publilium
1091 1668 1292 1706 Philonem
1323 1676 1361 1706 et
1389 1668 1434 1706 L.

112 1734 306 1783 Papirium
335 1732 544 1772 Cursorem
577 1734 725 1780 iterum,
755 1733 858 1772 haud
889 1734 1006 1772 dubio
1038 1745 1231 1773 consensu
1262 1734 1432 1780 civitatis,

111 1799 218 1850 quod
238 1799 331 1836 nulli
350 1811 396 1837 ea
415 1806 642 1850 tempestate
663 1800 780 1838 duces
800 1799 979 1838 clariores
1000 1807 1141 1838 essent.

162 1978 196 2008 4.
243 1965 374 1999 Debate
397 1977 437 1999 on
461 1965 516 1999 the
532 1972 634 2010 peace
657 1965 692 1999 in
717 1965 829 1999 Rome.
878 1965 996 2010 Speech
1018 1965 1063 2008 qf
1079 1965 1134 1999 the
1158 1965 1226 2000 late
1250 1965 1381 2001 Consul.

166 2067 257 2115 Quo
278 2068 391 2106 creati
416 2075 505 2106 sunt
526 2068 598 2113 die,
618 2079 666 2105 eo
693 2068 748 2106 sic
772 2067 874 2105 enim
898 2068 1091 2116 placuerat
1115 2068 1284 2117 patribus
1309 2069 1427 2119 magi·

110 2141 269 2172 stratum
295 2134 470 2179 inierunt,
491 2133 817 2183 sollemnibusque
847 2140 1001 2171 senatus
1031 2133 1214 2171 consultis
1242 2133 1429 2183 perfectis,
1453 2150 1514 2183 290

113 2200 161 2239 de
185 2211 281 2250 pace
300 2198 476 2237 Caudina
494 2199 725 2246 retulerunt;
753 2206 791 2236 et
811 2198 1005 2245 Publilius,
1026 2211 1145 2248 penes
1165 2211 1279 2249 quem
1306 2198 1430 2237 fasces

109 2272 228 2310 erant,
250 2267 259 2284 ‘
275 2264 361 2310 Dic,
392 2264 458 2314 Sp.
479 2263 674 2303 Postumi’
701 2264 835 2314 inquit.
892 2264 970 2312 Qui
999 2265 1064 2302 ubi
1094 2265 1265 2310 surrexit,
1291 2265 1429 2302 eodem

108 2331 173 2370 illo
193 2330 307 2377 vultu,
328 2342 407 2380 quo
434 2330 506 2369 sub
525 2331 657 2380 iugum
684 2330 824 2368 missus
851 2336 942 2376 erat,
963 2333 972 2350 ‘
989 2330 1107 2368 Haud
1136 2342 1222 2369 sum
1251 2329 1427 2380 ignarus'
