1663 2564
281 121 309 152 t.
368 119 608 151 SAMNITES
638 120 822 151 DRIVEN
852 120 909 151 To
939 121 1154 156 DESPAIR.
1349 128 1375 171 3

213 293 245 325 3.
292 282 384 316 How
408 287 441 316 to
463 282 564 316 reach
589 282 743 316 Luceria.
790 282 853 315 ‘The
879 281 988 326 Vallejy
1010 283 1053 325 qf
1071 283 1218 328 Arpaja.

109 378 228 416 Haud
251 385 331 416 erat
350 379 521 425 dubium,
541 380 634 429 quin
656 378 853 417 Lucerinis
879 391 996 429 opem
1021 380 1224 419 Romanus
1251 381 1374 429 ferret,

56 445 168 482 bonis
198 456 243 482 ac
271 444 446 482 fidelibus
476 445 601 490 sociis,
631 444 744 482 simul
777 457 825 482 ne
855 444 994 494 Apulia
1024 447 1152 484 omnis
1182 447 1231 484 ad
1264 459 1373 496 prae-

54 517 203 548 sentem
232 516 416 548 terrorem
443 509 622 548 deficeret
637 523 647 557 ;
681 522 727 548 ea
755 510 885 556 modo,
911 522 987 560 qua
1015 512 1122 557 irent,
1146 512 1374 550 consultatio

53 575 132 613 fuit.
188 575 299 614 Duae
329 575 376 613 ad
406 574 606 613 Luceriam
635 575 807 614 ferebant
832 577 924 623 viae,
946 577 1062 614 altera
1087 584 1237 627 praeter
1264 590 1372 617 oram

53 641 181 691 superi
206 640 333 686 maris,
353 646 490 691 patens
515 647 734 690 apertaque,
755 640 823 678 sed
847 648 991 690 quanto
1017 642 1143 687 tutior,
1163 650 1267 681 tanto
1294 644 1371 682 fere
1393 655 1436 687 50

53 705 216 756 longior,
235 705 352 743 altera
371 717 438 754 per
457 704 641 743 Furculas
661 705 867 752 Caudinas,
888 707 1060 754 brevi0r;
1091 708 1159 745 sed
1186 709 1237 746 ita
1260 715 1372 747 natus

51 771 160 810 locus
183 777 266 809 est:
300 770 424 809 Saltus
444 770 522 807 duo
549 770 621 816 alti,
642 772 794 820 angusti
820 773 1035 822 silvosique,
1057 781 1155 820 sunt,
1177 775 1372 813 montibus

52 837 154 875 circa
176 837 369 886 perpetuis
393 838 491 876 inter
514 849 555 875 se
581 836 708 874 iuncti.
766 837 871 874 Iacet
897 838 994 875 inter
1019 850 1088 877 eos
1117 839 1208 877 satis
1236 847 1372 890 patens

53 898 205 940 clausus
233 903 273 940 in
306 902 435 940 medio
466 914 626 952 campus
658 901 838 940 herbidus
869 915 1127 954 aquosusque,
1157 917 1226 954 per
1255 917 1370 955 quem

52 967 222 1004 medium
252 968 321 1005 iter
348 975 432 1014 est;
467 968 536 1006 sed
568 974 774 1017 antequam
802 969 932 1007 venias
963 969 1013 1007 ad
1041 982 1141 1016 eum,
1170 971 1370 1008 intrandae
1392 987 1432 1019 55

53 1033 200 1082 primae
231 1034 429 1082 angustiae
462 1039 551 1071 sunt
584 1040 621 1071 et
654 1040 718 1071 aut
751 1033 900 1079 eadem,
931 1047 1008 1085 qua
1040 1041 1077 1073 te
1110 1035 1370 1082 insinuaveris,

52 1104 153 1135 retro
173 1098 234 1135 via
251 1097 458 1148 repetenda
477 1106 552 1144 aut,
573 1098 604 1136 si
628 1099 681 1136 ire
701 1110 817 1148 porro
837 1111 989 1149 pergas,
1009 1113 1077 1150 per
1095 1101 1211 1138 alium
1234 1100 1371 1139 saltum

53 1164 233 1201 artiorem
251 1163 611 1214 impeditioremque
631 1164 887 1202 evadendum.

396 1326 428 1355 4.
477 1314 540 1348 The
564 1314 712 1348 Romans
737 1322 828 1348 enter
851 1315 906 1349 the
929 1317 1031 1361 ‘Tr-ap.

107 1410 154 1448 In
192 1422 281 1449 eum
319 1422 500 1460 campum
537 1411 598 1449 via
639 1411 712 1449 alia
749 1424 818 1462 per
855 1425 988 1451 cavam
1030 1427 1164 1464 rupem
1204 1414 1373 1454 Romani

54 1476 223 1514 demisso
256 1477 410 1526 agmine
439 1489 558 1526 quum
591 1477 641 1515 ad
673 1477 766 1515 alias
800 1479 997 1527 angustias
1030 1481 1204 1529 protinus
1237 1494 1372 1531 perge-
1391 1490 1434 1523 60

53 1549 149 1587 rent,
176 1549 327 1591 saeptas
356 1542 505 1580 deiectu
533 1543 713 1580 arborum
742 1555 1001 1593 saxorumque
1027 1545 1239 1594 ingentium
1266 1547 1372 1584 obia-

53 1614 162 1644 cente
183 1607 284 1644 mole
304 1607 492 1645 invenere.
551 1607 683 1654 Quum
704 1608 805 1646 fraus
825 1609 971 1648 hostilis
991 1611 1241 1660 apparuisset,
1263 1623 1373 1661 prae-

54 1672 194 1710 sidium
213 1672 327 1710 etiam
347 1673 387 1710 in
407 1684 560 1711 summo
581 1674 677 1711 saltu
697 1675 942 1724 conspicitur.

115 1830 146 1863 5.
196 1819 314 1863 “Ihose
338 1819 458 1854 behind
478 1832 536 1864 cry
560 1821 742 1865 Fomard,
766 1822 838 1856 and
859 1823 950 1857 those
972 1822 1080 1866 bejfbre
1104 1835 1161 1867 cry
1185 1823 1302 1859 Back.’

108 1920 222 1959 Citati
252 1919 341 1957 inde
372 1926 484 1966 retro,
515 1931 593 1969 qua
624 1928 817 1967 venerant,
849 1929 1016 1972 pergunt
1049 1932 1219 1972 repetere
1249 1923 1373 1970 viam;

55 1999 141 2026 eam
159 1997 316 2036 quoque
335 1985 503 2024 clausam
523 1997 592 2024 sua
611 1986 722 2025 obice
742 1987 933 2038 armisque
961 1989 1170 2027 inveniunt.
1226 1988 1372 2028 Sistunt
1391 1998 1431 2040 65

53 2052 142 2090 inde
166 2051 328 2101 gradum
352 2051 433 2089 sine
453 2051 562 2089 ullius
589 2052 762 2101 imperio,
783 2060 993 2103 stuporque
1020 2054 1194 2092 omnium
1221 2056 1371 2094 animos

52 2129 98 2156 ac
117 2117 217 2155 velut
239 2122 372 2166 torpor
391 2115 549 2166 quidam
576 2117 749 2156 insolitus
775 2119 950 2156 membra
968 2125 1083 2165 tenet,
1103 2119 1371 2170 intuentesque

52 2183 115 2221 alii
133 2182 240 2228 alios,
260 2194 379 2233 quum
398 2182 558 2220 alterum
577 2183 739 2233 quisque
759 2190 984 2234 compotem
1009 2186 1133 2235 magis
1159 2187 1299 2225 mentis
1325 2199 1370 2226 ac

52 2248 202 2287 consilii
221 2247 415 2295 ducerent,
435 2247 499 2286 diu
519 2248 734 2287 immobiles
760 2249 896 2297 silent;
926 2250 1076 2298 deinde,
1096 2253 1161 2290 ubi
1182 2253 1370 2302 praetoria

53 2313 255 2354 consulum
293 2314 387 2363 erigi
425 2312 552 2352 videre
589 2319 627 2352 et
663 2314 844 2364 expedire
882 2315 1071 2366 quosdam
1109 2317 1213 2355 utilia
1251 2319 1370 2368 operi,
1390 2330 1430 2365 70

680 2391 702 2417 B
725 2392 744 2416 2
