1663 2564
234 97 284 140 18
589 107 678 139 THE
709 107 762 139 cA
773 108 916 140 UDJNE
945 108 1188 142 DJSASTER.

577 275 609 299 2.
658 264 820 298 Publilius
845 264 986 298 invades
1011 265 1198 300 Samnium.

150 373 211 408 475
283 355 471 394 Consules
499 355 596 393 inter
625 368 665 394 se
693 357 817 405 partiti
846 357 1071 406 provincias,
1093 357 1266 406 Papirius
1295 357 1334 394 in
1361 357 1542 407 Apuliam

228 420 277 458 ad
297 421 496 458 Luceriam
517 421 651 470 pergit,
666 421 731 458 ubi
752 422 899 470 equites
921 421 1087 459 Romani
1107 421 1263 459 obsides
1283 422 1332 459 ad
1353 421 1544 460 Caudium

228 485 304 522 dati
335 485 656 530 custodiebantur,
689 485 871 523 Publilius
901 486 941 523 in
975 486 1131 523 Samnio
1165 486 1329 524 substitit
1362 487 1544 524 adversus

228 551 422 589 Caudinas
459 550 641 599 legiones.
707 551 901 589 Distendit
937 564 984 589 ea
1020 565 1080 590 res
1116 551 1344 590 Samnitium
1381 553 1545 598 animos,

227 616 334 665 quod
353 627 425 653 nec
452 615 502 653 ad
527 615 729 653 Luceriam
755 616 821 662 ire,
842 629 890 653 ne
919 617 968 654 ab
998 623 1106 666 tergo
1135 618 1292 655 instaret
1320 618 1453 664 hostis,
1473 630 1546 656 nec

147 686 212 726 480
228 692 394 726 manere,
433 692 481 717 ne
526 680 686 718 Luceria
727 681 878 718 interim
920 682 1165 728 amitteretur,
1207 683 1296 721 satis
1340 683 1544 721 audebant.

227 746 427 796 Optimum
455 747 577 784 visum
606 753 663 784 est
691 747 928 784 committere
958 759 1039 785 rem
1068 747 1243 785 fortunae
1272 755 1310 786 et
1337 748 1545 798 transigere

226 823 314 849 cum
348 811 509 849 Publilio
544 818 762 858 certamen3
806 812 933 861 itaque
968 812 1007 849 in
1041 813 1164 850 aciem
1197 813 1330 862 copias
1364 814 1543 851 educunt.

224 877 420 914 Adversus
459 888 556 926 quos
593 876 779 914 Publilius
817 877 952 914 consul
990 889 1110 927 quum
1148 878 1395 916 dimicaturus
1433 886 1545 924 esset,

225 941 329 990 prius
363 941 616 991 alloquendos
647 942 784 980 milites
814 949 919 980 ratus
951 943 1172 981 contionem
1206 943 1384 981 advocari
1413 943 1544 989 iussit3

146 1007 208 1048 485
227 1014 394 1044 ceterum
428 1007 525 1044 sicut
557 1007 701 1056 ingenti
736 1007 927 1045 alacritate
965 1007 1014 1045 ad
1047 1009 1281 1057 praetorium
1315 1020 1546 1046 concursum

225 1078 294 1117 est,
323 1072 375 1109 ita
402 1084 494 1121 prae
524 1072 690 1109 clamore
722 1073 964 1121 poscentium
993 1085 1166 1123 pugnam
1198 1074 1300 1111 nulla
1331 1073 1546 1112 adhortatio

225 1138 466 1187 imperatoris
498 1138 626 1175 audita
656 1145 738 1184 est;
778 1150 870 1176 suus
904 1138 1041 1187 cuique
1073 1139 1223 1176 animus
1256 1151 1406 1176 memor
1435 1139 1546 1188 igno-

226 1203 365 1240 miniae
399 1202 619 1240 adhortator
652 1203 793 1241 aderat.
855 1203 1014 1241 Vadunt
1046 1204 1159 1253 igitur
1191 1205 1231 1242 in
1264 1204 1451 1254 proelium
1485 1216 1546 1242 ur-

224 1274 360 1317 gentes
390 1267 602 1316 signiferos,
634 1275 682 1314 et,
711 1281 760 1306 ne
791 1280 900 1306 mora
927 1269 967 1306 in
996 1281 1186 1307 concursu
1214 1270 1299 1319 pilis
1329 1269 1548 1308 emittendis

145 1344 209 1378 490
226 1333 533 1383 stringendisque
555 1333 643 1371 inde
673 1333 809 1382 gladiis
829 1341 941 1380 esset,
962 1335 1038 1384 pila
1057 1335 1158 1372 velut
1179 1335 1268 1373 dato
1289 1335 1339 1373 ad
1367 1335 1406 1373 id
1435 1335 1546 1385 signo

226 1399 418 1446 abiiciunt,
441 1399 656 1449 strictisque
683 1399 818 1448 gladiis
839 1411 952 1437 cursu
976 1401 1015 1437 in
1034 1400 1186 1438 hostem
1205 1400 1386 1438 feruntur.
1444 1399 1547 1437 Nihil

224 1464 298 1502 illic
323 1465 590 1514 imperatoriae
619 1465 708 1502 artis
733 1465 933 1503 ordinibus
960 1472 1024 1503 aut
1050 1465 1227 1503 subsidiis
1253 1465 1427 1503 locandis
1453 1465 1546 1511 suit;

225 1529 357 1567 omnia
384 1530 440 1566 ira
466 1530 636 1567 militaris
665 1542 786 1580 prope
811 1542 954 1568 vesano
983 1531 1127 1580 impetu
1157 1531 1245 1580 egit.
1303 1530 1438 1580 Itaque
1468 1542 1547 1568 non

226 1594 299 1632 fusi
329 1595 448 1633 modo
480 1595 612 1633 hostes
647 1602 743 1641 sunt,
775 1596 844 1633 sed
876 1608 924 1633 ne
954 1596 1085 1633 castris
1115 1596 1272 1646 quidem
1303 1596 1382 1633 suis
1416 1595 1548 1645 fugam

145 1670 208 1703 495
226 1661 410 1710 impedire
443 1661 524 1698 ausi
556 1661 736 1710 Apuliam
770 1660 942 1710 dissipati
975 1662 1142 1711 petiere3
1183 1661 1386 1699 Luceriam
1418 1668 1548 1699 tamen

225 1733 360 1764 coacto
391 1739 520 1764 rursus
555 1727 594 1763 in
626 1738 746 1764 unum
778 1727 932 1775 agmine
964 1734 1021 1764 est
1051 1733 1288 1776 perventum.
1345 1726 1548 1764 Romanos

224 1792 279 1830 ira
306 1791 454 1839 eadem,
485 1805 584 1842 quae
613 1805 681 1842 per
709 1792 877 1830 mediam
908 1792 1031 1830 aciem
1061 1792 1229 1831 hostium
1263 1792 1408 1839 tulerat,
1438 1800 1475 1831 et
1507 1794 1546 1831 in

225 1864 348 1895 castra
375 1858 538 1907 pertulit.
596 1857 657 1894 Ibi
686 1857 771 1907 plus
796 1869 912 1907 quam
941 1858 979 1895 in
1010 1859 1089 1896 acie
1120 1859 1316 1909 sanguinis
1345 1870 1390 1897 ac
1419 1859 1547 1897 caedis

225 1922 378 1969 factum,
399 1923 643 1973 praedaeque
664 1935 753 1972 pars
772 1923 894 1962 maior
913 1924 969 1961 ira
988 1932 1177 1975 corrupta.

563 2078 593 2111 3.
649 2069 806 2113 Papirius
833 2069 924 2103 takes
951 2070 1005 2103 the
1030 2070 1215 2104 Sea-route.

145 2173 210 2206 500
277 2158 478 2196 Exercitus
509 2158 600 2196 alter
629 2171 717 2196 cum
744 2158 897 2207 Papirio
928 2159 1086 2197 consule
1112 2158 1205 2196 locis
1234 2159 1433 2198 maritimis
1460 2173 1545 2211 per-

223 2231 379 2262 venerat
405 2224 534 2273 Arpos
563 2236 631 2273 per
659 2225 790 2261 omnia
818 2231 964 2273 pacata,
991 2224 1219 2261 Samnitium
1249 2225 1372 2274 magis
1401 2226 1546 2265 iniuriis

224 2296 262 2328 et
282 2289 373 2328 odio
395 2301 510 2339 quam
531 2288 720 2326 beneficio
740 2288 816 2326 ullo
846 2289 979 2338 populi
1001 2288 1167 2327 Romani
1183 2301 1192 2335 ;
1223 2301 1312 2326 nam
1345 2289 1543 2339 Samnites,
