1663 2564
228 120 278 150 12
579 118 670 148 THE
701 118 753 149 CA
765 118 907 148 UDINE
937 117 1178 150 DISASTER.

223 217 354 266 inquit,
377 220 386 236 ‘
401 217 589 262 consules,
610 217 856 266 ignominiae,
878 228 958 255 non
975 217 1135 255 honoris
1154 228 1270 255 causa
1288 229 1350 255 me
1370 216 1535 266 primum

146 296 204 329 ²95
224 284 429 321 excitatum
461 283 683 332 iussumque
714 284 850 328 dicere,
880 295 960 321 non
991 290 1175 333 tanquam
1209 289 1438 329 senatorem,
1467 282 1536 320 sed

222 354 406 397 tanquam
438 359 545 384 reum
574 359 650 396 qua
679 347 838 385 infelicis
867 347 968 389 belli.
997 360 1074 397 qua
1106 347 1387 397 ignominiosae
1419 347 1535 396 pacis.

222 412 308 461 Ego
335 419 474 458 tamen,
496 412 650 461 quando
679 424 803 461 neque
823 411 870 449 de
899 424 1004 450 noxa
1027 419 1159 450 nostra
1186 425 1312 462 neque
1333 412 1380 450 de
1409 424 1537 461 poena

221 477 407 523 retulistis,
428 477 571 514 omissa
590 476 824 523 defensione,
845 489 943 526 quae
971 489 1052 515 non
1072 477 1290 515 difficillima
1309 483 1410 515 esset
1434 476 1537 526 apud

222 542 324 580 haud
349 542 504 591 ignaros
530 541 767 578 fortunarum
787 541 1039 579 humanarum
1059 543 1430 592 necessitatiumque,
1450 553 1537 580 sen-

141 622 204 654 300
222 607 379 644 tentiam
418 607 466 644 de
503 618 564 652 eo,
603 607 650 644 de
689 618 766 656 quo
808 607 995 653 retulistis,
1034 608 1167 657 paucis
1205 620 1400 658 peragam,
1438 619 1537 657 quae

221 672 407 710 sententia
426 672 532 709 testis
552 672 630 717 erit,
651 672 791 709 mihine
820 684 870 709 an
897 672 1112 721 legionibus
1131 674 1263 711 vestris
1287 673 1536 723 pepercerim,

221 749 341 786 quum
360 749 422 774 me
449 749 517 774 seu
536 737 635 786 turpi
661 749 729 774 seu
755 738 970 775 necessaria
990 739 1200 787 sponsione
1221 739 1430 784 obstrinxi3
1461 749 1538 787 qua

221 808 363 848 tamen,
383 802 539 851 quando
566 803 711 840 iniussu
737 802 868 852 populi
895 802 994 840 facta
1013 810 1080 849 est,
1101 816 1181 841 non
1204 810 1353 841 tenetur
1373 804 1537 853 populus

222 868 435 914 Romanus,
455 880 527 905 nec
547 868 754 917 quicquam
779 881 826 905 ex
851 881 896 906 ea
920 875 1189 918 praeterquam
1216 881 1381 919 corpora
1406 877 1538 907 nostra

140 945 202 979 505
222 934 407 972 debentur
428 932 674 971 Samnitibus.
731 933 928 971 Dedamur
947 945 1015 982 per
1038 934 1183 971 fetiales
1209 935 1301 972 nudi
1320 935 1536 985 vinctique3

221 999 462 1036 exsolvamus
491 999 673 1047 religione
701 998 900 1048 populum,
922 999 952 1036 si
979 1011 1055 1049 qua
1083 1000 1350 1049 obligavimus,
1371 1012 1419 1037 ne
1446 1000 1538 1050 quid

221 1064 337 1102 divini
365 1064 566 1101 humanive
595 1064 733 1109 obstet,
758 1076 837 1113 quo
865 1064 992 1102 minus
1021 1065 1164 1102 iustum
1193 1065 1375 1115 piumque
1404 1064 1453 1102 de
1481 1065 1537 1102 in-

219 1136 328 1179 tegro
355 1130 502 1167 ineatur
526 1129 679 1168 bellum.
737 1130 888 1168 Interea
917 1131 1094 1168 eonsules
1123 1132 1333 1168 exercitum
1362 1131 1537 1176 scribere,

220 1208 377 1241 armare,
394 1196 555 1233 educere
575 1195 711 1245 placet,
728 1207 799 1233 nec
819 1196 922 1245 prius
943 1196 1090 1245 ingredi
1109 1196 1279 1234 hostium
1300 1196 1404 1242 fines,
1423 1207 1539 1246 quam

140 1275 202 1307 310
220 1261 350 1298 omnia
382 1261 480 1298 iusta
513 1261 551 1297 in
584 1260 778 1298 deditione
811 1268 941 1299 nostra
974 1260 1144 1310 perfecta
1177 1268 1297 1299 erunt.
1358 1261 1454 1308 Vos,
1487 1261 1538 1298 dii

219 1325 462 1371 immortales,
492 1338 630 1375 precor
659 1337 892 1376 quaesoque,
922 1327 954 1364 si
982 1327 1090 1364 vobis
1119 1339 1199 1364 non
1228 1327 1297 1364 fuit
1325 1327 1443 1373 cordi,
1471 1326 1536 1376 Sp.

220 1391 472 1437 Postumium,
493 1390 541 1428 T.
562 1391 764 1429 Veturium
783 1391 961 1429 consules
982 1403 1070 1429 cum
1092 1391 1326 1429 Samnitibus
1353 1403 1537 1441 prospere

218 1456 359 1494 bellum
388 1468 532 1505 gerere,
553 1463 591 1494 at
618 1469 687 1494 vos
717 1457 807 1494 satis
836 1456 1007 1494 habeatis
1036 1457 1175 1495 vidisse
1204 1469 1276 1495 nos
1305 1458 1378 1496 sub
1403 1457 1537 1506 iugum

219 1523 369 1567 missos,
408 1522 546 1559 vidisse
586 1522 794 1571 sponsione
833 1521 964 1559 infami
1004 1522 1206 1572 obligatos,
1245 1522 1372 1560 videre
1411 1522 1538 1561 nudos

140 1602 201 1636 315
219 1588 443 1637 vinctosque
476 1587 651 1625 hostibus
683 1587 845 1633 deditos,
879 1599 1036 1625 omnem
1069 1588 1165 1625 iram
1198 1588 1367 1626 hostium
1398 1587 1538 1626 nostris

220 1653 406 1703 capitibus
426 1652 658 1702 excipientes
673 1664 683 1698 ;
713 1664 836 1690 novos
864 1652 1041 1690 consules
1067 1652 1318 1703 legionesque
1338 1652 1538 1692 Romanas

218 1719 270 1757 ita
297 1731 386 1757 cum
417 1718 587 1756 Sanmite
620 1731 752 1768 gerere
781 1718 922 1756 bellum
952 1718 1083 1764 velitis,
1112 1725 1155 1756 ut
1185 1719 1317 1757 omnia
1346 1726 1434 1757 ante
1465 1730 1539 1757 nos

219 1785 397 1823 consules
424 1785 524 1822 bella
551 1791 660 1834 gesta
689 1783 800 1822 sunt.'

454 1961 486 1993 5.
534 1951 669 1984 Honour
694 1962 784 1983 more
808 1950 890 1983 than
917 1949 1081 1996 Affection
1106 1963 1144 1984 or
1167 1950 1304 1985 Justice.

272 2050 384 2098 Quae
418 2050 483 2087 ubi
517 2049 620 2094 dixit,
651 2055 755 2086 tanta
789 2047 901 2085 simul
935 2048 1135 2085 admiratio
1169 2048 1438 2097 miseratioque
1471 2048 1538 2087 viri

138 2134 202 2166 320
218 2117 372 2155 incessit
401 2127 549 2160 omnes,
573 2121 615 2151 ut
643 2113 763 2151 modo
793 2113 854 2149 vix
884 2113 1093 2159 crederent,
1121 2113 1226 2150 illum
1255 2113 1421 2151 eundem
1452 2126 1537 2152 esse

220 2183 284 2232 Sp.
309 2181 560 2225 Postumium,
586 2179 649 2229 qui
680 2186 810 2216 auctor
839 2184 916 2215 tam
947 2177 1082 2215 foedae
1110 2178 1216 2227 pacis
1247 2177 1391 2223 fuisset,
1419 2180 1537 2217 modo

217 2249 497 2291 miserarentur,
525 2244 630 2294 quod
659 2244 712 2281 vir
741 2243 824 2281 talis
853 2243 967 2280 etiam
997 2243 1244 2293 praecipuum
1275 2243 1377 2292 apud
1406 2244 1537 2282 hostes

217 2313 445 2364 supplicium
473 2322 655 2360 passurus
683 2316 783 2347 esset
803 2309 855 2346 ob
875 2309 969 2346 iram
990 2309 1197 2357 diremptae
1228 2309 1345 2357 pacis.
1404 2308 1536 2356 Quum
