1663 2564
197 126 225 167 6
557 136 647 167 THE
677 135 731 167 cA
742 136 886 166 UDJNE
913 133 1155 167 DISASTER.

509 297 540 329 3.
589 286 861 329 Half-measure&
878 287 920 328 of
930 286 1036 319 Gaius
1053 285 1201 319 Pontius.

122 393 180 424 125
251 378 397 417 Neutra
420 378 609 416 sententia
634 384 802 427 accepta,
824 377 1044 414 Herennius
1065 377 1224 415 domum
1251 387 1272 414 e
1298 375 1431 414 eastris
1455 381 1513 412 est

200 451 352 482 avectus
367 456 377 490 ;
407 450 445 481 et
473 443 512 480 in
538 435 668 480 castris
698 442 886 480 Romanis
906 454 1026 492 quum
1054 442 1190 479 frustra
1217 440 1324 478 multi
1354 446 1514 478 conatus

199 509 248 546 ad
277 496 555 557 erumpendum
584 508 685 557 capti
713 513 840 545 essent
865 513 902 544 et
928 507 1004 544 iam
1033 506 1206 545 omniurn
1232 517 1358 543 rerum
1384 504 1516 553 inopia

201 579 311 619 esset,
340 573 428 610 victi
458 572 682 610 necessitate
713 572 862 621 legatos
891 572 1056 617 mittunt,
1087 571 1151 621 qui
1182 571 1346 621 primum
1379 581 1515 619 pacem

201 650 363 688 aequam
383 644 575 687 peterent;
607 637 638 675 si
657 649 794 686 pacem
815 649 895 674 non
915 637 1171 686 impetrarent,
1191 636 1244 673 uti
1263 641 1517 685 provocarent

123 719 182 749 130
201 703 250 741 ad
282 715 464 752 pugnam.
523 702 628 739 Tum
658 701 818 739 Pontius
850 701 1080 739 debellatum
1110 712 1194 738 esse
1225 699 1436 749 respondit,
1467 705 1515 743 et.

200 769 385 819 quoniam
419 780 468 805 ne
499 767 583 805 victi
615 767 772 816 quidem
802 778 846 804 ac
877 766 979 816 capti
1008 765 1201 803 fortunam
1230 765 1337 803 fateri
1367 765 1517 811 scirent,

201 835 366 872 inermes
388 845 476 871 curn
497 832 655 882 singulis
674 832 910 870 vestimentis
929 832 1000 869 sub
1019 831 1152 880 iugum
1172 831 1401 876 missurum;
1426 829 1518 868 alias

201 899 450 937 condiciones
478 898 584 948 pacis
613 909 755 947 aequas
783 897 890 934 victis
918 909 963 935 ac
992 896 1196 934 victoribus
1225 895 1330 933 fore:
1365 895 1395 933 si
1424 907 1518 944 agro

204 964 430 1002 Samnitium
468 963 726 1008 decederetur,
766 962 940 1000 coloniae
984 961 1274 1007 abducerentur,
1312 961 1389 998 suis
1429 960 1518 999 inde

123 1040 182 1072 135
201 1030 350 1079 legibus
383 1029 608 1066 Romanum
641 1040 686 1065 ac
720 1027 930 1065 Samnitem
962 1038 1086 1075 aequo
1121 1025 1274 1064 foedere
1307 1026 1517 1072 w'cturum;

201 1096 260 1133 his
290 1094 582 1133 condicionibus
614 1100 788 1142 paratum
819 1104 860 1130 se
890 1104 974 1129 esse
1008 1091 1145 1129 foedus
1180 1103 1268 1128 cum
1298 1091 1519 1128 consulibus

201 1161 310 1199 ferire
324 1173 335 1208 3
366 1161 398 1198 si
417 1159 509 1210 quid
527 1171 662 1197 eorum
682 1158 889 1208 displiceat,
909 1157 1058 1206 legatos
1077 1156 1199 1195 redire
1219 1156 1270 1194 ad
1289 1167 1329 1194 se
1350 1157 1478 1195 vetuit.

394 1327 427 1356 4.
477 1314 540 1347 ‘Ibe
564 1313 713 1347 Romans
737 1312 915 1347 determine
938 1318 971 1346 to
994 1312 1065 1346 live
1077 1311 1143 1354 sor
1167 1323 1322 1356 revenge-

254 1406 365 1445 Haec
386 1418 505 1457 quum
530 1405 670 1455 legatio
694 1404 979 1451 renuntiaretur,
1001 1410 1128 1441 tantus
1153 1404 1318 1452 gemitus
1345 1403 1518 1441 omnium

201 1475 326 1513 subito
347 1480 501 1511 exortus
521 1478 578 1510 est
597 1478 779 1521 tantaque
805 1470 993 1508 maestitia
1015 1470 1180 1515 incessit,
1200 1476 1241 1507 ut
1267 1481 1348 1507 non
1367 1471 1518 1519 gravius

122 1557 182 1589 ¹40
201 1539 393 1589 accepturi
413 1538 641 1583 viderentur,
663 1537 694 1574 si
714 1536 960 1581 nuntiaretur,
981 1536 1161 1573 omnibus
1181 1546 1228 1573 eo
1247 1534 1335 1572 loco
1355 1542 1519 1573 mortem

200 1604 461 1656 oppetendam
481 1615 576 1641 esse.
633 1602 765 1649 Quum
785 1601 851 1639 diu
874 1601 1064 1639 silentium
1085 1599 1226 1646 fuisset,
1247 1612 1320 1638 nec
1340 1600 1519 1639 consules

200 1678 265 1709 aut
283 1683 354 1720 pro
374 1669 528 1708 foedere
547 1676 627 1706 tam
647 1668 747 1717 turpi
766 1674 830 1704 aut
850 1674 984 1705 contra
1002 1666 1138 1704 foedus
1158 1673 1236 1703 tam
1259 1666 1518 1704 necessarium

199 1736 345 1774 hiscere
378 1740 548 1785 possent,
578 1742 659 1771 tum
693 1733 737 1771 L.
768 1732 966 1778 Lentulus,
995 1732 1060 1782 qui
1089 1739 1170 1769 tum
1204 1731 1384 1781 princeps
1414 1731 1517 1781 lega-

201 1809 327 1840 torum
350 1802 484 1839 virtute
512 1806 626 1850 atque
654 1799 865 1837 honoribus
894 1804 983 1844 erat,
1006 1801 1015 1817 ‘
1031 1797 1182 1835 Patrem
1211 1795 1362 1834 meum'
1383 1797 1517 1846 inquit,

122 1882 180 1914 ¹45
201 1871 210 1887 ‘
227 1867 418 1913 eonsules,
439 1878 554 1915 saepe
582 1865 707 1903 audivi
733 1870 1024 1908 memorantem,
1045 1875 1086 1901 se
1112 1863 1152 1900 in
1179 1861 1371 1912 Capitolio
1397 1875 1518 1900 unum

201 1947 281 1973 non
301 1934 416 1972 fuisse
447 1939 642 1970 auctorem
672 1931 819 1969 senatui
845 1929 1091 1967 redimendae
1120 1941 1214 1967 auro
1243 1941 1266 1966 a
1286 1928 1406 1967 Gallis
1430 1929 1518 1966 civi-

200 2002 298 2046 tatis,
328 1999 484 2050 quando
518 2010 590 2036 nec
623 1998 728 2035 fossa
756 1996 929 2046 valloque
963 1996 1011 2033 ab
1041 1995 1287 2045 ignavissimo
1320 1995 1369 2033 ad
1399 2007 1520 2045 opera

200 2079 245 2105 ac
273 2064 525 2103 muniendum
553 2063 663 2101 hoste
684 2062 802 2100 clausi
830 2068 959 2099 essent
978 2068 1014 2099 et
1034 2073 1245 2110 erumpere,
1267 2060 1297 2098 si
1327 2073 1407 2099 non
1436 2062 1519 2100 sine

200 2143 344 2182 magno
375 2130 557 2180 periculo,
578 2139 706 2166 tamen
736 2128 817 2165 sine
847 2134 950 2165 certa
975 2126 1142 2176 pernicie
1171 2133 1341 2175 possent.
1399 2125 1519 2173 Quod

124 2211 183 2242 ¹50
202 2198 243 2244 si,
273 2204 314 2234 ut
342 2196 413 2234 illis
443 2195 642 2233 decurrere
671 2206 719 2231 ex
748 2193 939 2242 Capitolio
969 2191 1123 2229 armatis
1153 2191 1191 2228 in
1221 2191 1373 2229 hostem
1404 2192 1517 2236 licuit,

203 2275 280 2313 quo
310 2274 425 2311 saepe
454 2259 574 2298 modo
599 2259 747 2297 obsessi
773 2259 811 2296 in
839 2257 1058 2295 obsidentes
1085 2264 1300 2306 eruperunt,
1328 2258 1380 2295 ita
1404 2258 1518 2296 nobis

203 2340 328 2379 aequo
362 2333 426 2365 aut
459 2327 591 2375 iniquo
624 2325 711 2363 loco
745 2323 951 2362 dimicandi
984 2322 1252 2360 tantummodo
1285 2334 1374 2360 cum
1407 2323 1519 2362 hoste
