1663 2564
209 122 263 153 22
568 120 658 151 THE
690 120 743 151 CA
755 120 897 151 UDINE
927 120 1168 153 DISASTER.

209 218 401 257 Caudium
434 221 574 259 amissa
606 228 724 267 erant,
757 228 806 267 et,
837 222 942 271 quod
975 222 1105 259 omnia
1139 222 1341 271 superabat
1375 221 1525 271 gaudia,

210 285 400 333 equitibus
420 287 663 336 recuperatis,
684 298 782 337 quos
801 287 965 336 pignora
984 286 1090 336 pacis
1111 287 1384 340 custodiendos
1404 287 1526 324 Luce-

210 350 303 386 riam
326 350 517 388 Samnites
537 351 729 389 dederant.
787 351 906 389 Haud
926 352 1043 389 ferme
1072 352 1145 389 alia
1164 352 1375 390 mutatione
1404 352 1527 389 subita

129 428 191 462 595
210 426 336 452 rerum
366 415 500 452 clarior
525 417 681 454 victoria
708 417 841 466 populi
871 417 1037 454 Romani
1067 424 1134 463 est,
1156 418 1187 454 si
1216 417 1371 466 quidem
1401 418 1526 463 etiam,

211 480 316 528 quod
354 480 584 529 quibusdam
623 482 661 518 in
699 482 900 519 annalibus
938 482 1103 527 invenio,
1143 481 1303 519 Pontius
1342 480 1528 519 Herennii

211 545 320 590 filius,
352 545 578 583 Samnitium
612 547 829 595 imperator,
858 554 899 584 ut
933 547 1102 596 expiaret
1133 547 1333 584 consulum
1361 547 1524 596 ignomi-

212 610 326 655 niam,
349 611 419 647 sub
439 611 571 659 iugum
592 623 680 648 cum
700 611 834 649 ceteris
855 618 911 648 est
930 612 1081 649 missus.
1139 611 1318 649 Ceterum
1338 612 1376 649 id
1401 612 1528 649 minus

211 675 340 720 miror,
361 676 568 713 obscurum
596 688 679 714 esse
700 677 746 714 de
776 676 943 713 hostium
963 676 1060 714 duce
1081 676 1209 714 dedito
1238 677 1433 725 missoque
1450 689 1460 723 ;
1490 676 1529 714 id

128 743 194 775 600
213 740 336 789 magis
366 740 536 778 mirabile
565 749 622 778 est
651 742 804 790 ambigi,
826 740 1018 778 Luciusne
1041 740 1241 779 Cornelius
1262 742 1422 780 dictator
1441 754 1529 779 cum

213 805 257 842 L.
281 805 434 854 Papirio
465 805 629 843 Cursore
663 806 846 855 magistro
877 807 1048 855 equitum
1078 819 1142 845 eas
1170 819 1230 845 res
1260 808 1308 845 ad
1338 807 1529 846 Caudium

213 878 326 920 atque
365 871 454 908 inde
492 871 693 909 Luceriam
731 872 900 920 gesserit,
940 872 1113 921 ultorque
1151 873 1287 910 unicus
1326 872 1529 910 Romanae

213 936 458 985 ignominiae,
492 936 595 974 haud
633 937 751 974 sciam
790 950 839 975 an
877 937 1084 975 iustissimo
1123 938 1318 987 triumpho
1357 939 1407 975 ad
1444 950 1530 975 eam

214 1007 378 1039 aetatem
399 1003 611 1040 secundum
632 1002 788 1040 Furium
809 1002 1024 1048 Camillum,
1045 1003 1344 1053 triumphaverit,
1366 1016 1416 1041 an
1436 1016 1529 1041 con-

133 1077 195 1117 605
215 1068 339 1106 sulum
367 1067 582 1116 Papiriique
611 1068 861 1116 praecipuum
889 1068 928 1104 id
957 1068 1073 1106 decus
1103 1069 1158 1106 sit.
1224 1069 1401 1118 Sequitur
1427 1068 1530 1106 hunc

215 1145 381 1172 errorem
400 1134 493 1170 alius
513 1145 628 1178 error,
650 1132 844 1170 Cursorne
864 1132 1037 1182 Papirius
1057 1134 1242 1183 proximis
1259 1134 1421 1172 comitiis
1442 1146 1531 1172 cum

215 1199 264 1246 Q.
292 1199 405 1236 Aulio
436 1198 643 1236 Cerretano
672 1198 820 1240 iterum,
850 1199 902 1236 ob
929 1211 1010 1235 rem
1039 1201 1139 1237 bene
1172 1207 1320 1248 gestam
1349 1199 1532 1237 Luceriae

215 1253 438 1303 continuato
458 1265 690 1313 magistratu,
713 1264 847 1301 consul
867 1265 1020 1302 tertium
1040 1273 1187 1302 creatus
1208 1265 1265 1311 sit,
1286 1277 1335 1302 an
1355 1265 1398 1304 L.
1421 1266 1531 1315 Papi-

215 1331 292 1368 rius
312 1329 546 1379 Mugillanus
566 1336 604 1367 et
622 1330 661 1366 in
681 1330 914 1379 cognomine
935 1337 1099 1368 erratum
1119 1331 1176 1369 sit.

602 1449 634 1479 8.
684 1446 844 1490 ‘Triumph
868 1445 911 1488 of
927 1446 981 1479 the
1005 1446 1104 1480 Hero.

136 1539 201 1572 610
272 1527 368 1565 Inde
395 1527 444 1565 ad
472 1527 705 1576 triumphum
735 1527 947 1564 decessisse
977 1526 1147 1564 Romam
1175 1527 1369 1577 Papirium
1394 1526 1535 1566 Curso-

218 1606 298 1631 rem
327 1593 508 1640 scribunt,
530 1593 594 1642 qui
623 1604 670 1630 eo
691 1592 788 1630 duce
814 1592 1016 1629 Luceriam
1044 1600 1238 1642 receptam
1268 1593 1535 1643 Samnitesque

219 1659 289 1696 sub
323 1659 455 1708 iugum
489 1659 629 1696 missos
662 1664 838 1696 auctores
872 1664 970 1696 sunt.
1031 1658 1081 1695 Et
1109 1658 1178 1695 fuit
1207 1659 1260 1695 vir
1289 1658 1392 1696 haud
1421 1659 1535 1696 dubie

219 1725 358 1773 dignus
392 1724 499 1761 omni
532 1724 668 1761 bellica
701 1723 825 1769 laude,
859 1735 938 1761 non
977 1723 1093 1761 animi
1132 1724 1257 1761 solum
1291 1724 1432 1773 vigore,
1468 1724 1536 1762 sed

219 1791 333 1827 etiam
363 1790 534 1838 corporis
563 1789 703 1826 viribus
735 1788 935 1826 excellens.
994 1788 1202 1838 Praecipua
1236 1789 1378 1838 pedum
1412 1789 1537 1838 perni-

137 1865 200 1907 615
220 1856 312 1893 citas
338 1856 469 1901 inerat,
490 1867 590 1904 quae
610 1867 832 1904 cognomen
853 1855 967 1891 etiam
989 1854 1091 1892 dedit
1107 1867 1116 1901 ;
1147 1855 1404 1905 victoremque
1425 1867 1537 1893 cursu

219 1921 391 1958 omnium
413 1920 543 1958 aetatis
574 1932 664 1958 suae
691 1920 807 1957 fuisse
836 1919 960 1958 ferunt
981 1932 1050 1958 seu
1071 1932 1221 1957 crurum
1241 1921 1276 1957 vi
1306 1932 1373 1958 seu
1393 1921 1536 1958 exerci-

220 1987 362 2023 tatione
388 1986 516 2031 multa,
538 1986 611 2024 cibi
631 1986 782 2036 vinique
811 1986 978 2023 eundem
1006 1986 1297 2035 capacissimum
1315 2015 1326 2033 ,
1356 1999 1428 2024 nec
1448 1999 1537 2024 cum

219 2053 296 2090 ullo
326 2053 568 2102 asperiorem,
591 2054 679 2102 quia
698 2054 779 2102 ipse
808 2052 935 2090 invicti
963 2053 1012 2089 ad
1038 2052 1209 2089 laborem
1229 2052 1399 2101 corporis
1427 2059 1536 2098 esset,

221 2118 336 2156 fuisse
370 2119 539 2155 militiam
574 2119 690 2169 pediti
723 2119 862 2169 pariter
890 2119 1106 2167 equitique;
1148 2117 1294 2167 equites
1327 2118 1441 2155 etiam
1475 2119 1539 2156 ali-

138 2192 203 2225 620
222 2184 377 2234 quando
398 2196 512 2222 ausos
542 2186 589 2222 ab
610 2197 656 2222 eo
677 2192 818 2233 petere,
839 2191 879 2222 ut
900 2185 970 2221 sibi
991 2196 1060 2233 pro
1084 2196 1124 2221 re
1144 2183 1242 2220 bene
1271 2191 1378 2232 gesta
1399 2183 1540 2222 laxaret

222 2249 361 2299 aliquid
391 2250 556 2296 laboris;
588 2251 726 2299 quibus
755 2250 814 2287 ille
845 2254 853 2269 ‘
871 2249 931 2287 Ne
961 2249 1051 2285 nihil
1082 2249 1280 2286 remissurn
1311 2249 1454 2293 dicatis,
1482 2262 1538 2287 re-

220 2314 350 2352 mitto'
372 2315 503 2363 inquit,
528 2318 535 2333 ‘
553 2328 600 2352 ne
621 2316 749 2365 utique
771 2316 924 2353 dorsum
947 2314 1204 2358 demulceatis
1225 2326 1343 2363 quum
1364 2326 1410 2352 ex
1431 2316 1538 2365 equis
