<?xml version="1.0" encoding="UTF-8"?>
<!DOCTYPE html PUBLIC "-//W3C//DTD XHTML 1.0 Transitional//EN"
    "http://www.w3.org/TR/xhtml1/DTD/xhtml1-transitional.dtd">
<html xmlns="http://www.w3.org/1999/xhtml" xml:lang="en" lang="en">
 <head>
  <title>
</title>
<meta http-equiv="Content-Type" content="text/html;charset=utf-8" />
  <meta name='ocr-system' content='tesseract 3.04.00' />
  <meta name='ocr-capabilities' content='ocr_page ocr_carea ocr_par ocr_line ocrx_word'/>
</head>
<body>
  <div class='ocr_page' id='page_1' title='image "./extractsfromlivy01livyuoft_0033.png"; bbox 0 0 1663 2564; ppageno 0'>
   <div class='ocr_carea' id='block_1_1' title="bbox 364 132 1407 186">
    <p class='ocr_par' dir='ltr' id='par_1_1' title="bbox 364 132 1407 186">
     <span class='ocr_line' id='line_1_1' title="bbox 364 132 1407 186; baseline 0.004 -17"><span class='ocrx_word' id='word_1_1' title='bbox 364 139 424 170; x_wconf 75' lang='lat' dir='ltr'><strong>JV.</strong></span> <span class='ocrx_word' id='word_1_2' title='bbox 483 139 638 169; x_wconf 76' lang='lat' dir='ltr'><em>FRESH</em></span> <span class='ocrx_word' id='word_1_3' title='bbox 664 138 850 169; x_wconf 80' lang='lat' dir='ltr'><em>APPEAL</em></span> <span class='ocrx_word' id='word_1_4' title='bbox 884 138 942 170; x_wconf 82' lang='lat' dir='ltr'><strong>To</strong></span> <span class='ocrx_word' id='word_1_5' title='bbox 971 139 1137 173; x_wconf 74' lang='lat' dir='ltr'><strong>MJGHT.</strong></span> <span class='ocrx_word' id='word_1_6' title='bbox 1353 132 1407 186; x_wconf 80' lang='lat'><strong>&#39;19</strong></span> 
     </span>
    </p>
   </div>
   <div class='ocr_carea' id='block_1_2' title="bbox 53 238 1498 1534">
    <p class='ocr_par' dir='ltr' id='par_1_2' title="bbox 91 238 1495 878">
     <span class='ocr_line' id='line_1_2' title="bbox 91 238 1409 290; baseline 0.002 -14"><span class='ocrx_word' id='word_1_7' title='bbox 91 251 138 276; x_wconf 92' lang='lat' dir='ltr'><strong>ea</strong></span> <span class='ocrx_word' id='word_1_8' title='bbox 159 244 385 287; x_wconf 82' lang='lat' dir='ltr'><strong>tempestate</strong></span> <span class='ocrx_word' id='word_1_9' title='bbox 412 239 450 276; x_wconf 91' lang='lat' dir='ltr'><strong>in</strong></span> <span class='ocrx_word' id='word_1_10' title='bbox 478 239 674 277; x_wconf 92' lang='lat' dir='ltr'><strong>montibus</strong></span> <span class='ocrx_word' id='word_1_11' title='bbox 692 239 842 277; x_wconf 88' lang='lat' dir='ltr'><strong>vicatim</strong></span> <span class='ocrx_word' id='word_1_12' title='bbox 869 238 1094 286; x_wconf 76' lang='lat' dir='ltr'><strong>habitantes,</strong></span> <span class='ocrx_word' id='word_1_13' title='bbox 1115 241 1343 290; x_wconf 86' lang='lat' dir='ltr'><strong>campestria</strong></span> <span class='ocrx_word' id='word_1_14' title='bbox 1371 248 1409 279; x_wconf 90' lang='lat' dir='ltr'><strong>et</strong></span> 
     </span>
     <span class='ocr_line' id='line_1_3' title="bbox 91 304 1409 356; baseline 0.001 -15"><span class='ocrx_word' id='word_1_15' title='bbox 91 304 283 341; x_wconf 88' lang='lat' dir='ltr'><strong>maritima</strong></span> <span class='ocrx_word' id='word_1_16' title='bbox 301 304 398 350; x_wconf 89' lang='lat' dir='ltr'><strong>loca,</strong></span> <span class='ocrx_word' id='word_1_17' title='bbox 418 310 642 354; x_wconf 89' lang='lat' dir='ltr'><strong>contempto</strong></span> <span class='ocrx_word' id='word_1_18' title='bbox 669 304 857 342; x_wconf 91' lang='lat' dir='ltr'><strong>cultorum</strong></span> <span class='ocrx_word' id='word_1_19' title='bbox 883 304 1054 343; x_wconf 84' lang='lat' dir='ltr'><strong>molliore</strong></span> <span class='ocrx_word' id='word_1_20' title='bbox 1081 312 1206 356; x_wconf 87' lang='lat' dir='ltr'><strong>atque,</strong></span> <span class='ocrx_word' id='word_1_21' title='bbox 1226 313 1266 343; x_wconf 88' lang='lat' dir='ltr'><strong>ut</strong></span> <span class='ocrx_word' id='word_1_22' title='bbox 1285 306 1409 344; x_wconf 91' lang='lat' dir='ltr'><strong>evenit</strong></span> 
     </span>
     <span class='ocr_line' id='line_1_4' title="bbox 91 369 1491 421; baseline 0.001 -14"><span class='ocrx_word' id='word_1_23' title='bbox 91 369 180 415; x_wconf 86' lang='lat' dir='ltr'><strong>fere,</strong></span> <span class='ocrx_word' id='word_1_24' title='bbox 200 369 293 407; x_wconf 90' lang='lat' dir='ltr'><strong>locis</strong></span> <span class='ocrx_word' id='word_1_25' title='bbox 313 369 424 407; x_wconf 91' lang='lat' dir='ltr'><strong>simili</strong></span> <span class='ocrx_word' id='word_1_26' title='bbox 444 382 596 419; x_wconf 86' lang='lat' dir='ltr'><strong>genere,</strong></span> <span class='ocrx_word' id='word_1_27' title='bbox 616 369 688 419; x_wconf 91' lang='lat' dir='ltr'><strong>ipsi</strong></span> <span class='ocrx_word' id='word_1_28' title='bbox 708 370 880 407; x_wconf 90' lang='lat' dir='ltr'><strong>montani</strong></span> <span class='ocrx_word' id='word_1_29' title='bbox 905 378 1018 420; x_wconf 89' lang='lat' dir='ltr'><strong>atque</strong></span> <span class='ocrx_word' id='word_1_30' title='bbox 1045 378 1214 420; x_wconf 87' lang='lat' dir='ltr'><strong>agrestes</strong></span> <span class='ocrx_word' id='word_1_31' title='bbox 1234 371 1408 421; x_wconf 90' lang='lat' dir='ltr'><strong>depopu-</strong></span> <span class='ocrx_word' id='word_1_32' title='bbox 1428 387 1491 419; x_wconf 81' lang='lat'><strong>505</strong></span> 
     </span>
     <span class='ocr_line' id='line_1_5' title="bbox 92 434 1409 486; baseline 0.002 -14"><span class='ocrx_word' id='word_1_33' title='bbox 92 434 276 472; x_wconf 86' lang='lat' dir='ltr'><strong>labantur.</strong></span> <span class='ocrx_word' id='word_1_34' title='bbox 335 434 446 481; x_wconf 88' lang='lat' dir='ltr'><strong>Quae</strong></span> <span class='ocrx_word' id='word_1_35' title='bbox 479 435 586 484; x_wconf 87' lang='lat' dir='ltr'><strong>regio</strong></span> <span class='ocrx_word' id='word_1_36' title='bbox 617 435 647 473; x_wconf 92' lang='lat' dir='ltr'><strong>si</strong></span> <span class='ocrx_word' id='word_1_37' title='bbox 681 435 758 472; x_wconf 90' lang='lat' dir='ltr'><strong>fida</strong></span> <span class='ocrx_word' id='word_1_38' title='bbox 790 434 1024 474; x_wconf 89' lang='lat' dir='ltr'><strong>Samnitibus</strong></span> <span class='ocrx_word' id='word_1_39' title='bbox 1057 436 1199 480; x_wconf 84' lang='lat' dir='ltr'><strong>fuisset,</strong></span> <span class='ocrx_word' id='word_1_40' title='bbox 1230 444 1294 474; x_wconf 91' lang='lat' dir='ltr'><strong>aut</strong></span> <span class='ocrx_word' id='word_1_41' title='bbox 1323 448 1409 486; x_wconf 90' lang='lat' dir='ltr'><strong>per-</strong></span> 
     </span>
     <span class='ocr_line' id='line_1_6' title="bbox 92 499 1411 550; baseline 0.002 -13"><span class='ocrx_word' id='word_1_42' title='bbox 92 500 219 538; x_wconf 90' lang='lat' dir='ltr'><strong>venire</strong></span> <span class='ocrx_word' id='word_1_43' title='bbox 252 500 381 550; x_wconf 86' lang='lat' dir='ltr'><strong>Arpos</strong></span> <span class='ocrx_word' id='word_1_44' title='bbox 413 501 599 538; x_wconf 86' lang='lat' dir='ltr'><strong>exercitus</strong></span> <span class='ocrx_word' id='word_1_45' title='bbox 638 499 838 538; x_wconf 87' lang='lat' dir='ltr'><strong>Romanus</strong></span> <span class='ocrx_word' id='word_1_46' title='bbox 875 502 1079 550; x_wconf 86' lang='lat' dir='ltr'><strong>nequisset,</strong></span> <span class='ocrx_word' id='word_1_47' title='bbox 1115 509 1179 539; x_wconf 92' lang='lat' dir='ltr'><strong>aut</strong></span> <span class='ocrx_word' id='word_1_48' title='bbox 1215 502 1411 540; x_wconf 91' lang='lat' dir='ltr'><strong>interiecta</strong></span> 
     </span>
     <span class='ocr_line' id='line_1_7' title="bbox 92 565 1412 615; baseline 0.002 -13"><span class='ocrx_word' id='word_1_49' title='bbox 92 565 190 603; x_wconf 90' lang='lat' dir='ltr'><strong>inter</strong></span> <span class='ocrx_word' id='word_1_50' title='bbox 219 565 388 603; x_wconf 90' lang='lat' dir='ltr'><strong>Romam</strong></span> <span class='ocrx_word' id='word_1_51' title='bbox 417 572 454 603; x_wconf 92' lang='lat' dir='ltr'><strong>et</strong></span> <span class='ocrx_word' id='word_1_52' title='bbox 482 567 614 615; x_wconf 86' lang='lat' dir='ltr'><strong>Arpos</strong></span> <span class='ocrx_word' id='word_1_53' title='bbox 642 566 802 614; x_wconf 88' lang='lat' dir='ltr'><strong>penuria</strong></span> <span class='ocrx_word' id='word_1_54' title='bbox 828 578 953 603; x_wconf 90' lang='lat' dir='ltr'><strong>rerum</strong></span> <span class='ocrx_word' id='word_1_55' title='bbox 982 567 1156 604; x_wconf 88' lang='lat' dir='ltr'><strong>omnium</strong></span> <span class='ocrx_word' id='word_1_56' title='bbox 1185 567 1362 605; x_wconf 80' lang='lat' dir='ltr'><strong>exclusos</strong></span> <span class='ocrx_word' id='word_1_57' title='bbox 1388 579 1412 605; x_wconf 89' lang='lat' dir='ltr'><strong>a</strong></span> 
     </span>
     <span class='ocr_line' id='line_1_8' title="bbox 95 631 1410 683; baseline 0 -13"><span class='ocrx_word' id='word_1_58' title='bbox 95 632 373 670; x_wconf 88' lang='lat' dir='ltr'><strong>commeatibus</strong></span> <span class='ocrx_word' id='word_1_59' title='bbox 411 632 698 681; x_wconf 84' lang='lat' dir='ltr'><strong>absumpsisset.</strong></span> <span class='ocrx_word' id='word_1_60' title='bbox 767 631 871 669; x_wconf 92' lang='lat' dir='ltr'><strong>Tum</strong></span> <span class='ocrx_word' id='word_1_61' title='bbox 904 644 1058 682; x_wconf 92' lang='lat' dir='ltr'><strong>quoque</strong></span> <span class='ocrx_word' id='word_1_62' title='bbox 1096 633 1289 683; x_wconf 90' lang='lat' dir='ltr'><strong>profectos</strong></span> <span class='ocrx_word' id='word_1_63' title='bbox 1321 632 1410 670; x_wconf 91' lang='lat' dir='ltr'><strong>inde</strong></span> 
     </span>
     <span class='ocr_line' id='line_1_9' title="bbox 95 696 1495 748; baseline 0.001 -14"><span class='ocrx_word' id='word_1_64' title='bbox 95 696 144 735; x_wconf 92' lang='lat' dir='ltr'><strong>ad</strong></span> <span class='ocrx_word' id='word_1_65' title='bbox 172 696 386 742; x_wconf 87' lang='lat' dir='ltr'><strong>Luceriam,</strong></span> <span class='ocrx_word' id='word_1_66' title='bbox 416 697 522 734; x_wconf 82' lang='lat' dir='ltr'><strong>iuxta</strong></span> <span class='ocrx_word' id='word_1_67' title='bbox 550 697 772 735; x_wconf 88' lang='lat' dir='ltr'><strong>obsidentes</strong></span> <span class='ocrx_word' id='word_1_68' title='bbox 804 697 1062 746; x_wconf 89' lang='lat' dir='ltr'><strong>obsessosque</strong></span> <span class='ocrx_word' id='word_1_69' title='bbox 1095 698 1226 748; x_wconf 90' lang='lat' dir='ltr'><strong>inopia</strong></span> <span class='ocrx_word' id='word_1_70' title='bbox 1253 699 1411 736; x_wconf 86' lang='lat' dir='ltr'><strong>vexavit.</strong></span> <span class='ocrx_word' id='word_1_71' title='bbox 1432 714 1495 746; x_wconf 86' lang='lat'><strong>510</strong></span> 
     </span>
     <span class='ocr_line' id='line_1_10' title="bbox 96 761 1412 812; baseline 0 -11"><span class='ocrx_word' id='word_1_72' title='bbox 96 761 240 801; x_wconf 91' lang='lat' dir='ltr'><strong>Omnia</strong></span> <span class='ocrx_word' id='word_1_73' title='bbox 271 763 321 800; x_wconf 75' lang='lat' dir='ltr'><strong>ab</strong></span> <span class='ocrx_word' id='word_1_74' title='bbox 353 762 469 812; x_wconf 87' lang='lat' dir='ltr'><strong>Arpis</strong></span> <span class='ocrx_word' id='word_1_75' title='bbox 501 763 690 801; x_wconf 91' lang='lat' dir='ltr'><strong>Romanis</strong></span> <span class='ocrx_word' id='word_1_76' title='bbox 728 762 1080 812; x_wconf 86' lang='lat' dir='ltr'><strong>suppeditabantur,</strong></span> <span class='ocrx_word' id='word_1_77' title='bbox 1113 771 1281 801; x_wconf 91' lang='lat' dir='ltr'><strong>ceterum</strong></span> <span class='ocrx_word' id='word_1_78' title='bbox 1314 763 1412 801; x_wconf 91' lang='lat' dir='ltr'><strong>adeo</strong></span> 
     </span>
     <span class='ocr_line' id='line_1_11' title="bbox 95 827 1412 878; baseline 0.002 -14"><span class='ocrx_word' id='word_1_79' title='bbox 95 827 247 877; x_wconf 84' lang='lat' dir='ltr'><strong>exigue,</strong></span> <span class='ocrx_word' id='word_1_80' title='bbox 280 834 322 865; x_wconf 94' lang='lat' dir='ltr'><strong>ut</strong></span> <span class='ocrx_word' id='word_1_81' title='bbox 359 828 468 866; x_wconf 89' lang='lat' dir='ltr'><strong>militi</strong></span> <span class='ocrx_word' id='word_1_82' title='bbox 499 835 690 877; x_wconf 89' lang='lat' dir='ltr'><strong>occupato</strong></span> <span class='ocrx_word' id='word_1_83' title='bbox 723 829 951 866; x_wconf 88' lang='lat' dir='ltr'><strong>stationibus</strong></span> <span class='ocrx_word' id='word_1_84' title='bbox 984 829 1195 878; x_wconf 88' lang='lat' dir='ltr'><strong>vigiliisque</strong></span> <span class='ocrx_word' id='word_1_85' title='bbox 1227 835 1265 867; x_wconf 91' lang='lat' dir='ltr'><strong>et</strong></span> <span class='ocrx_word' id='word_1_86' title='bbox 1297 841 1412 878; x_wconf 91' lang='lat' dir='ltr'><strong>opere</strong></span> 
     </span>
    </p>

    <p class='ocr_par' dir='ltr' id='par_1_3' title="bbox 53 893 1495 1137">
     <span class='ocr_line' id='line_1_12' title="bbox 53 893 1414 943; baseline 0 -12"><span class='ocrx_word' id='word_1_87' title='bbox 53 912 57 915; x_wconf 96' lang='lat'>·</span> <span class='ocrx_word' id='word_1_88' title='bbox 96 905 215 942; x_wconf 89' lang='lat' dir='ltr'><strong>eques</strong></span> <span class='ocrx_word' id='word_1_89' title='bbox 243 893 418 932; x_wconf 84' lang='lat' dir='ltr'><strong>folliculis</strong></span> <span class='ocrx_word' id='word_1_90' title='bbox 444 894 483 930; x_wconf 90' lang='lat' dir='ltr'><strong>in</strong></span> <span class='ocrx_word' id='word_1_91' title='bbox 509 901 632 932; x_wconf 90' lang='lat' dir='ltr'><strong>castra</strong></span> <span class='ocrx_word' id='word_1_92' title='bbox 654 894 703 931; x_wconf 91' lang='lat' dir='ltr'><strong>ab</strong></span> <span class='ocrx_word' id='word_1_93' title='bbox 722 894 837 943; x_wconf 92' lang='lat' dir='ltr'><strong>Arpis</strong></span> <span class='ocrx_word' id='word_1_94' title='bbox 865 893 1097 932; x_wconf 91' lang='lat' dir='ltr'><strong>frumentum</strong></span> <span class='ocrx_word' id='word_1_95' title='bbox 1116 894 1280 941; x_wconf 88' lang='lat' dir='ltr'><strong>veheret,</strong></span> <span class='ocrx_word' id='word_1_96' title='bbox 1301 895 1414 932; x_wconf 89' lang='lat' dir='ltr'><strong>inter-</strong></span> 
     </span>
     <span class='ocr_line' id='line_1_13' title="bbox 96 957 1414 1009; baseline 0.001 -13"><span class='ocrx_word' id='word_1_97' title='bbox 96 957 189 996; x_wconf 90' lang='lat' dir='ltr'><strong>dum</strong></span> <span class='ocrx_word' id='word_1_98' title='bbox 218 970 382 997; x_wconf 90' lang='lat' dir='ltr'><strong>occursu</strong></span> <span class='ocrx_word' id='word_1_99' title='bbox 410 958 578 997; x_wconf 89' lang='lat' dir='ltr'><strong>hostium</strong></span> <span class='ocrx_word' id='word_1_100' title='bbox 607 967 808 1009; x_wconf 83' lang='lat' dir='ltr'><strong>cogeretur</strong></span> <span class='ocrx_word' id='word_1_101' title='bbox 836 959 985 997; x_wconf 89' lang='lat' dir='ltr'><strong>abiecto</strong></span> <span class='ocrx_word' id='word_1_102' title='bbox 1013 971 1061 997; x_wconf 84' lang='lat' dir='ltr'><strong>ex</strong></span> <span class='ocrx_word' id='word_1_103' title='bbox 1091 971 1192 1009; x_wconf 92' lang='lat' dir='ltr'><strong>equo</strong></span> <span class='ocrx_word' id='word_1_104' title='bbox 1223 959 1414 998; x_wconf 87' lang='lat' dir='ltr'><strong>frumento</strong></span> 
     </span>
     <span class='ocr_line' id='line_1_14' title="bbox 97 1023 1495 1074; baseline 0.001 -13"><span class='ocrx_word' id='word_1_105' title='bbox 97 1036 281 1074; x_wconf 90' lang='lat' dir='ltr'><strong>pugnare.</strong></span> <span class='ocrx_word' id='word_1_106' title='bbox 337 1023 530 1069; x_wconf 90' lang='lat' dir='ltr'><strong>Obsessis,</strong></span> <span class='ocrx_word' id='word_1_107' title='bbox 551 1024 772 1074; x_wconf 87' lang='lat' dir='ltr'><strong>priusquam</strong></span> <span class='ocrx_word' id='word_1_108' title='bbox 799 1024 891 1062; x_wconf 89' lang='lat' dir='ltr'><strong>alter</strong></span> <span class='ocrx_word' id='word_1_109' title='bbox 917 1024 1051 1062; x_wconf 91' lang='lat' dir='ltr'><strong>consul</strong></span> <span class='ocrx_word' id='word_1_110' title='bbox 1077 1025 1220 1063; x_wconf 88' lang='lat' dir='ltr'><strong>victore</strong></span> <span class='ocrx_word' id='word_1_111' title='bbox 1247 1026 1414 1063; x_wconf 85' lang='lat' dir='ltr'><strong>exercitu</strong></span> <span class='ocrx_word' id='word_1_112' title='bbox 1435 1036 1495 1070; x_wconf 84' lang='lat'><strong>5¹5</strong></span> 
     </span>
     <span class='ocr_line' id='line_1_15' title="bbox 97 1089 1416 1137; baseline -0.001 -9"><span class='ocrx_word' id='word_1_113' title='bbox 97 1090 262 1137; x_wconf 91' lang='lat' dir='ltr'><strong>advenit,</strong></span> <span class='ocrx_word' id='word_1_114' title='bbox 282 1097 319 1128; x_wconf 93' lang='lat' dir='ltr'><strong>et</strong></span> <span class='ocrx_word' id='word_1_115' title='bbox 342 1099 580 1128; x_wconf 87' lang='lat' dir='ltr'><strong>commeatus</strong></span> <span class='ocrx_word' id='word_1_116' title='bbox 603 1103 650 1128; x_wconf 84' lang='lat' dir='ltr'><strong>ex</strong></span> <span class='ocrx_word' id='word_1_117' title='bbox 670 1091 865 1128; x_wconf 89' lang='lat' dir='ltr'><strong>montibus</strong></span> <span class='ocrx_word' id='word_1_118' title='bbox 892 1089 1120 1128; x_wconf 88' lang='lat' dir='ltr'><strong>Samnitium</strong></span> <span class='ocrx_word' id='word_1_119' title='bbox 1146 1090 1283 1128; x_wconf 89' lang='lat' dir='ltr'><strong>invecti</strong></span> <span class='ocrx_word' id='word_1_120' title='bbox 1308 1097 1416 1128; x_wconf 82' lang='lat' dir='ltr'><strong>erant</strong></span> 
     </span>
    </p>

    <p class='ocr_par' dir='ltr' id='par_1_4' title="bbox 98 1156 1498 1534">
     <span class='ocr_line' id='line_1_16' title="bbox 98 1156 1414 1203; baseline -0.001 -8"><span class='ocrx_word' id='word_1_121' title='bbox 98 1164 137 1196; x_wconf 93' lang='lat' dir='ltr'><strong>et</strong></span> <span class='ocrx_word' id='word_1_122' title='bbox 161 1157 300 1194; x_wconf 84' lang='lat' dir='ltr'><strong>auxilia</strong></span> <span class='ocrx_word' id='word_1_123' title='bbox 324 1157 566 1201; x_wconf 89' lang='lat' dir='ltr'><strong>intromissa;</strong></span> <span class='ocrx_word' id='word_1_124' title='bbox 597 1157 738 1194; x_wconf 88' lang='lat' dir='ltr'><strong>artiora</strong></span> <span class='ocrx_word' id='word_1_125' title='bbox 765 1156 895 1194; x_wconf 89' lang='lat' dir='ltr'><strong>omnia</strong></span> <span class='ocrx_word' id='word_1_126' title='bbox 923 1156 1108 1195; x_wconf 89' lang='lat' dir='ltr'><strong>adventus</strong></span> <span class='ocrx_word' id='word_1_127' title='bbox 1138 1157 1288 1194; x_wconf 91' lang='lat' dir='ltr'><strong>Publilii</strong></span> <span class='ocrx_word' id='word_1_128' title='bbox 1316 1157 1414 1203; x_wconf 89' lang='lat' dir='ltr'><strong>fecit,</strong></span> 
     </span>
     <span class='ocr_line' id='line_1_17' title="bbox 98 1220 1415 1272; baseline 0 -12"><span class='ocrx_word' id='word_1_129' title='bbox 98 1222 175 1272; x_wconf 87' lang='lat' dir='ltr'><strong>qui,</strong></span> <span class='ocrx_word' id='word_1_130' title='bbox 195 1221 397 1260; x_wconf 91' lang='lat' dir='ltr'><strong>obsidione</strong></span> <span class='ocrx_word' id='word_1_131' title='bbox 423 1222 598 1271; x_wconf 88' lang='lat' dir='ltr'><strong>delegata</strong></span> <span class='ocrx_word' id='word_1_132' title='bbox 626 1222 665 1258; x_wconf 91' lang='lat' dir='ltr'><strong>in</strong></span> <span class='ocrx_word' id='word_1_133' title='bbox 695 1233 825 1259; x_wconf 90' lang='lat' dir='ltr'><strong>curam</strong></span> <span class='ocrx_word' id='word_1_134' title='bbox 854 1220 1036 1271; x_wconf 84' lang='lat' dir='ltr'><strong>collegae,</strong></span> <span class='ocrx_word' id='word_1_135' title='bbox 1056 1233 1176 1271; x_wconf 88' lang='lat' dir='ltr'><strong>vagus</strong></span> <span class='ocrx_word' id='word_1_136' title='bbox 1205 1234 1273 1272; x_wconf 90' lang='lat' dir='ltr'><strong>per</strong></span> <span class='ocrx_word' id='word_1_137' title='bbox 1301 1234 1415 1272; x_wconf 86' lang='lat' dir='ltr'><strong>agros</strong></span> 
     </span>
     <span class='ocr_line' id='line_1_18' title="bbox 98 1286 1415 1337; baseline -0.001 -11"><span class='ocrx_word' id='word_1_138' title='bbox 98 1294 237 1326; x_wconf 89' lang='lat' dir='ltr'><strong>cuncta</strong></span> <span class='ocrx_word' id='word_1_139' title='bbox 264 1287 402 1325; x_wconf 88' lang='lat' dir='ltr'><strong>infesta</strong></span> <span class='ocrx_word' id='word_1_140' title='bbox 427 1287 705 1325; x_wconf 90' lang='lat' dir='ltr'><strong>commeatibus</strong></span> <span class='ocrx_word' id='word_1_141' title='bbox 732 1287 900 1324; x_wconf 91' lang='lat' dir='ltr'><strong>hostium</strong></span> <span class='ocrx_word' id='word_1_142' title='bbox 926 1286 1076 1324; x_wconf 86' lang='lat' dir='ltr'><strong>fecerat.</strong></span> <span class='ocrx_word' id='word_1_143' title='bbox 1135 1286 1270 1337; x_wconf 89' lang='lat' dir='ltr'><strong>Itaque</strong></span> <span class='ocrx_word' id='word_1_144' title='bbox 1296 1299 1415 1337; x_wconf 90' lang='lat' dir='ltr'><strong>quum</strong></span> 
     </span>
     <span class='ocr_line' id='line_1_19' title="bbox 98 1352 1498 1404; baseline -0.001 -13"><span class='ocrx_word' id='word_1_145' title='bbox 98 1365 188 1404; x_wconf 90' lang='lat' dir='ltr'><strong>spes</strong></span> <span class='ocrx_word' id='word_1_146' title='bbox 224 1352 329 1390; x_wconf 91' lang='lat' dir='ltr'><strong>nulla</strong></span> <span class='ocrx_word' id='word_1_147' title='bbox 361 1359 472 1398; x_wconf 84' lang='lat' dir='ltr'><strong>esset,</strong></span> <span class='ocrx_word' id='word_1_148' title='bbox 507 1352 646 1390; x_wconf 87' lang='lat' dir='ltr'><strong>diutius</strong></span> <span class='ocrx_word' id='word_1_149' title='bbox 683 1352 862 1390; x_wconf 85' lang='lat' dir='ltr'><strong>obsessos</strong></span> <span class='ocrx_word' id='word_1_150' title='bbox 900 1352 1070 1400; x_wconf 84' lang='lat' dir='ltr'><strong>inopiam</strong></span> <span class='ocrx_word' id='word_1_151' title='bbox 1103 1352 1258 1399; x_wconf 88' lang='lat' dir='ltr'><strong>laturos,</strong></span> <span class='ocrx_word' id='word_1_152' title='bbox 1292 1353 1415 1391; x_wconf 90' lang='lat' dir='ltr'><strong>coacti</strong></span> <span class='ocrx_word' id='word_1_153' title='bbox 1435 1367 1498 1399; x_wconf 81' lang='lat'><strong>520</strong></span> 
     </span>
     <span class='ocr_line' id='line_1_20' title="bbox 100 1416 1416 1469; baseline 0 -12"><span class='ocrx_word' id='word_1_154' title='bbox 100 1418 303 1463; x_wconf 84' lang='lat' dir='ltr'><strong>Samnites,</strong></span> <span class='ocrx_word' id='word_1_155' title='bbox 332 1418 397 1467; x_wconf 92' lang='lat' dir='ltr'><strong>qui</strong></span> <span class='ocrx_word' id='word_1_156' title='bbox 430 1417 480 1455; x_wconf 89' lang='lat' dir='ltr'><strong>ad</strong></span> <span class='ocrx_word' id='word_1_157' title='bbox 509 1417 710 1455; x_wconf 90' lang='lat' dir='ltr'><strong>Luceriam</strong></span> <span class='ocrx_word' id='word_1_158' title='bbox 739 1424 863 1454; x_wconf 88' lang='lat' dir='ltr'><strong>castra</strong></span> <span class='ocrx_word' id='word_1_159' title='bbox 890 1416 1095 1464; x_wconf 86' lang='lat' dir='ltr'><strong>habebant,</strong></span> <span class='ocrx_word' id='word_1_160' title='bbox 1124 1418 1293 1469; x_wconf 91' lang='lat' dir='ltr'><strong>undique</strong></span> <span class='ocrx_word' id='word_1_161' title='bbox 1322 1430 1416 1457; x_wconf 89' lang='lat' dir='ltr'><strong>con-</strong></span> 
     </span>
     <span class='ocr_line' id='line_1_21' title="bbox 99 1482 1048 1534; baseline -0.002 -10"><span class='ocrx_word' id='word_1_162' title='bbox 99 1485 227 1524; x_wconf 78' lang='lat' dir='ltr'><strong>tractis</strong></span> <span class='ocrx_word' id='word_1_163' title='bbox 255 1485 395 1523; x_wconf 67' lang='lat' dir='ltr'><strong>viribus</strong></span> <span class='ocrx_word' id='word_1_164' title='bbox 424 1484 535 1534; x_wconf 89' lang='lat' dir='ltr'><strong>signa</strong></span> <span class='ocrx_word' id='word_1_165' title='bbox 563 1495 652 1522; x_wconf 90' lang='lat' dir='ltr'><strong>cum</strong></span> <span class='ocrx_word' id='word_1_166' title='bbox 681 1482 833 1533; x_wconf 88' lang='lat' dir='ltr'><strong>Papirio</strong></span> <span class='ocrx_word' id='word_1_167' title='bbox 862 1482 1048 1522; x_wconf 88' lang='lat' dir='ltr'><strong>conferre.</strong></span> 
     </span>
    </p>
   </div>
   <div class='ocr_carea' id='block_1_3' title="bbox 195 1650 1324 1743">
    <p class='ocr_par' dir='ltr' id='par_1_5' title="bbox 195 1650 1324 1743">
     <span class='ocr_line' id='line_1_22' title="bbox 195 1650 1324 1696; baseline -0.003 -9"><span class='ocrx_word' id='word_1_168' title='bbox 195 1666 228 1696; x_wconf 82' lang='grc'><strong>4.</strong></span> <span class='ocrx_word' id='word_1_169' title='bbox 276 1652 340 1686; x_wconf 80' lang='lat' dir='ltr'><strong>‘The</strong></span> <span class='ocrx_word' id='word_1_170' title='bbox 363 1658 436 1686; x_wconf 81' lang='lat' dir='ltr'><strong>two</strong></span> <span class='ocrx_word' id='word_1_171' title='bbox 459 1650 593 1686; x_wconf 82' lang='lat' dir='ltr'><strong>consuls</strong></span> <span class='ocrx_word' id='word_1_172' title='bbox 617 1650 740 1696; x_wconf 84' lang='lat' dir='ltr'><strong>besiege</strong></span> <span class='ocrx_word' id='word_1_173' title='bbox 760 1651 913 1684; x_wconf 84' lang='lat' dir='ltr'><strong>Luceria.</strong></span> <span class='ocrx_word' id='word_1_174' title='bbox 963 1650 1131 1695; x_wconf 80' lang='lat' dir='ltr'><strong>Embassy</strong></span> <span class='ocrx_word' id='word_1_175' title='bbox 1142 1652 1244 1694; x_wconf 85' lang='lat' dir='ltr'><strong>from</strong></span> <span class='ocrx_word' id='word_1_176' title='bbox 1268 1650 1324 1684; x_wconf 87' lang='lat' dir='ltr'><strong>the</strong></span> 
     </span>
     <span class='ocr_line' id='line_1_23' title="bbox 592 1709 924 1743; baseline 0 -1"><span class='ocrx_word' id='word_1_177' title='bbox 592 1709 766 1743; x_wconf 76' lang='lat' dir='ltr'><strong>‘TarentInc</strong></span> <span class='ocrx_word' id='word_1_178' title='bbox 793 1709 924 1742; x_wconf 84' lang='lat' dir='ltr'><strong>Greeks.</strong></span> 
     </span>
    </p>
   </div>
   <div class='ocr_carea' id='block_1_4' title="bbox 101 1801 1503 2451">
    <p class='ocr_par' dir='ltr' id='par_1_6' title="bbox 101 1801 1500 2048">
     <span class='ocr_line' id='line_1_24' title="bbox 155 1801 1419 1852; baseline -0.002 -10"><span class='ocrx_word' id='word_1_179' title='bbox 155 1804 228 1842; x_wconf 91' lang='lat' dir='ltr'><strong>Per</strong></span> <span class='ocrx_word' id='word_1_180' title='bbox 254 1803 293 1841; x_wconf 91' lang='lat' dir='ltr'><strong>id</strong></span> <span class='ocrx_word' id='word_1_181' title='bbox 319 1810 483 1852; x_wconf 89' lang='lat' dir='ltr'><strong>tempus,</strong></span> <span class='ocrx_word' id='word_1_182' title='bbox 503 1802 724 1851; x_wconf 89' lang='lat' dir='ltr'><strong>parantibus</strong></span> <span class='ocrx_word' id='word_1_183' title='bbox 749 1802 918 1851; x_wconf 91' lang='lat' dir='ltr'><strong>utrisque</strong></span> <span class='ocrx_word' id='word_1_184' title='bbox 945 1814 986 1840; x_wconf 91' lang='lat' dir='ltr'><strong>se</strong></span> <span class='ocrx_word' id='word_1_185' title='bbox 1012 1801 1061 1839; x_wconf 89' lang='lat' dir='ltr'><strong>ad</strong></span> <span class='ocrx_word' id='word_1_186' title='bbox 1086 1801 1284 1851; x_wconf 89' lang='lat' dir='ltr'><strong>proelium,</strong></span> <span class='ocrx_word' id='word_1_187' title='bbox 1305 1801 1419 1852; x_wconf 85' lang='lat' dir='ltr'><strong>legati</strong></span> 
     </span>
     <span class='ocr_line' id='line_1_25' title="bbox 101 1867 1418 1914; baseline -0.002 -5"><span class='ocrx_word' id='word_1_188' title='bbox 101 1869 302 1910; x_wconf 81' lang='lat' dir='ltr'><strong>Tarentini</strong></span> <span class='ocrx_word' id='word_1_189' title='bbox 338 1868 603 1914; x_wconf 85' lang='lat' dir='ltr'><strong>interveniunt,</strong></span> <span class='ocrx_word' id='word_1_190' title='bbox 640 1868 908 1906; x_wconf 90' lang='lat' dir='ltr'><strong>denuntiantes</strong></span> <span class='ocrx_word' id='word_1_191' title='bbox 943 1867 1175 1906; x_wconf 89' lang='lat' dir='ltr'><strong>Samnitibus</strong></span> <span class='ocrx_word' id='word_1_192' title='bbox 1214 1867 1418 1907; x_wconf 89' lang='lat' dir='ltr'><strong>Romanis-</strong></span> 
     </span>
     <span class='ocr_line' id='line_1_26' title="bbox 101 1933 1500 1988; baseline -0.002 -14"><span class='ocrx_word' id='word_1_193' title='bbox 101 1948 188 1988; x_wconf 89' lang='lat' dir='ltr'><strong>que,</strong></span> <span class='ocrx_word' id='word_1_194' title='bbox 216 1942 258 1973; x_wconf 91' lang='lat' dir='ltr'><strong>ut</strong></span> <span class='ocrx_word' id='word_1_195' title='bbox 286 1934 427 1973; x_wconf 90' lang='lat' dir='ltr'><strong>bellum</strong></span> <span class='ocrx_word' id='word_1_196' title='bbox 460 1934 701 1971; x_wconf 87' lang='lat' dir='ltr'><strong>omitterent:</strong></span> <span class='ocrx_word' id='word_1_197' title='bbox 739 1945 808 1983; x_wconf 90' lang='lat' dir='ltr'><strong>per</strong></span> <span class='ocrx_word' id='word_1_198' title='bbox 837 1940 942 1971; x_wconf 92' lang='lat' dir='ltr'><strong>utros</strong></span> <span class='ocrx_word' id='word_1_199' title='bbox 975 1933 1151 1979; x_wconf 88' lang='lat' dir='ltr'><strong>stetisset,</strong></span> <span class='ocrx_word' id='word_1_200' title='bbox 1180 1945 1259 1983; x_wconf 89' lang='lat' dir='ltr'><strong>quo</strong></span> <span class='ocrx_word' id='word_1_201' title='bbox 1291 1934 1417 1971; x_wconf 88' lang='lat' dir='ltr'><strong>minus</strong></span> <span class='ocrx_word' id='word_1_202' title='bbox 1438 1947 1500 1980; x_wconf 86' lang='lat'><strong>5²5</strong></span> 
     </span>
     <span class='ocr_line' id='line_1_27' title="bbox 101 1998 1416 2048; baseline -0.003 -7"><span class='ocrx_word' id='word_1_203' title='bbox 101 2001 359 2041; x_wconf 87' lang='lat' dir='ltr'><strong>discederetur</strong></span> <span class='ocrx_word' id='word_1_204' title='bbox 378 2000 427 2037; x_wconf 91' lang='lat' dir='ltr'><strong>ab</strong></span> <span class='ocrx_word' id='word_1_205' title='bbox 446 1999 571 2044; x_wconf 89' lang='lat' dir='ltr'><strong>armis,</strong></span> <span class='ocrx_word' id='word_1_206' title='bbox 587 1998 767 2036; x_wconf 84' lang='lat' dir='ltr'><strong>adversus</strong></span> <span class='ocrx_word' id='word_1_207' title='bbox 786 2010 854 2037; x_wconf 91' lang='lat' dir='ltr'><strong>eos</strong></span> <span class='ocrx_word' id='word_1_208' title='bbox 874 2011 915 2037; x_wconf 88' lang='lat' dir='ltr'><strong>se</strong></span> <span class='ocrx_word' id='word_1_209' title='bbox 935 2010 1006 2048; x_wconf 91' lang='lat' dir='ltr'><strong>pro</strong></span> <span class='ocrx_word' id='word_1_210' title='bbox 1026 1998 1149 2036; x_wconf 88' lang='lat' dir='ltr'><strong>alteris</strong></span> <span class='ocrx_word' id='word_1_211' title='bbox 1169 2007 1416 2048; x_wconf 89' lang='lat' dir='ltr'><strong>pugnaturos.</strong></span> 
     </span>
    </p>

    <p class='ocr_par' dir='ltr' id='par_1_7' title="bbox 101 2063 1503 2378">
     <span class='ocr_line' id='line_1_28' title="bbox 101 2063 1418 2117; baseline -0.004 -11"><span class='ocrx_word' id='word_1_212' title='bbox 101 2068 161 2106; x_wconf 86' lang='lat' dir='ltr'><strong>Ea</strong></span> <span class='ocrx_word' id='word_1_213' title='bbox 177 2067 368 2117; x_wconf 90' lang='lat' dir='ltr'><strong>legatione</strong></span> <span class='ocrx_word' id='word_1_214' title='bbox 388 2065 560 2114; x_wconf 90' lang='lat' dir='ltr'><strong>Papirius</strong></span> <span class='ocrx_word' id='word_1_215' title='bbox 588 2063 726 2108; x_wconf 89' lang='lat' dir='ltr'><strong>audita,</strong></span> <span class='ocrx_word' id='word_1_216' title='bbox 746 2064 905 2113; x_wconf 91' lang='lat' dir='ltr'><strong>perinde</strong></span> <span class='ocrx_word' id='word_1_217' title='bbox 931 2076 975 2102; x_wconf 90' lang='lat' dir='ltr'><strong>ac</strong></span> <span class='ocrx_word' id='word_1_218' title='bbox 996 2070 1124 2101; x_wconf 91' lang='lat' dir='ltr'><strong>motus</strong></span> <span class='ocrx_word' id='word_1_219' title='bbox 1144 2063 1252 2101; x_wconf 90' lang='lat' dir='ltr'><strong>dictis</strong></span> <span class='ocrx_word' id='word_1_220' title='bbox 1272 2075 1418 2110; x_wconf 89' lang='lat' dir='ltr'><strong>eorum,</strong></span> 
     </span>
     <span class='ocr_line' id='line_1_29' title="bbox 103 2130 1419 2182; baseline -0.005 -9"><span class='ocrx_word' id='word_1_221' title='bbox 103 2146 192 2173; x_wconf 90' lang='lat' dir='ltr'><strong>cum</strong></span> <span class='ocrx_word' id='word_1_222' title='bbox 221 2132 369 2182; x_wconf 88' lang='lat' dir='ltr'><strong>collega</strong></span> <span class='ocrx_word' id='word_1_223' title='bbox 397 2143 439 2169; x_wconf 94' lang='lat' dir='ltr'><strong>se</strong></span> <span class='ocrx_word' id='word_1_224' title='bbox 467 2131 838 2168; x_wconf 88' lang='lat' dir='ltr'><strong>communicaturum</strong></span> <span class='ocrx_word' id='word_1_225' title='bbox 869 2130 1091 2180; x_wconf 89' lang='lat' dir='ltr'><strong>respondit;</strong></span> <span class='ocrx_word' id='word_1_226' title='bbox 1130 2130 1328 2179; x_wconf 88' lang='lat' dir='ltr'><strong>accitoque</strong></span> <span class='ocrx_word' id='word_1_227' title='bbox 1359 2142 1419 2177; x_wconf 90' lang='lat' dir='ltr'><strong>eo,</strong></span> 
     </span>
     <span class='ocr_line' id='line_1_30' title="bbox 103 2195 1420 2250; baseline -0.003 -12"><span class='ocrx_word' id='word_1_228' title='bbox 103 2211 224 2250; x_wconf 89' lang='lat' dir='ltr'><strong>quum</strong></span> <span class='ocrx_word' id='word_1_229' title='bbox 242 2204 395 2247; x_wconf 89' lang='lat' dir='ltr'><strong>tempus</strong></span> <span class='ocrx_word' id='word_1_230' title='bbox 421 2208 536 2234; x_wconf 91' lang='lat' dir='ltr'><strong>omne</strong></span> <span class='ocrx_word' id='word_1_231' title='bbox 565 2195 604 2233; x_wconf 90' lang='lat' dir='ltr'><strong>in</strong></span> <span class='ocrx_word' id='word_1_232' title='bbox 633 2202 818 2245; x_wconf 89' lang='lat' dir='ltr'><strong>apparatu</strong></span> <span class='ocrx_word' id='word_1_233' title='bbox 837 2208 989 2246; x_wconf 84' lang='lat' dir='ltr'><strong>pugnae</strong></span> <span class='ocrx_word' id='word_1_234' title='bbox 1009 2196 1321 2245; x_wconf 89' lang='lat' dir='ltr'><strong>consumpsisset,</strong></span> <span class='ocrx_word' id='word_1_235' title='bbox 1342 2196 1420 2234; x_wconf 91' lang='lat' dir='ltr'><strong>col-</strong></span> 
     </span>
     <span class='ocr_line' id='line_1_31' title="bbox 103 2261 1503 2311; baseline -0.004 -7"><span class='ocrx_word' id='word_1_236' title='bbox 103 2265 256 2304; x_wconf 89' lang='lat' dir='ltr'><strong>locutus</strong></span> <span class='ocrx_word' id='word_1_237' title='bbox 275 2262 323 2301; x_wconf 91' lang='lat' dir='ltr'><strong>de</strong></span> <span class='ocrx_word' id='word_1_238' title='bbox 342 2275 382 2301; x_wconf 89' lang='lat' dir='ltr'><strong>re</strong></span> <span class='ocrx_word' id='word_1_239' title='bbox 401 2261 506 2300; x_wconf 91' lang='lat' dir='ltr'><strong>haud</strong></span> <span class='ocrx_word' id='word_1_240' title='bbox 525 2261 653 2307; x_wconf 91' lang='lat' dir='ltr'><strong>dubia,</strong></span> <span class='ocrx_word' id='word_1_241' title='bbox 674 2261 827 2311; x_wconf 88' lang='lat' dir='ltr'><strong>signum</strong></span> <span class='ocrx_word' id='word_1_242' title='bbox 846 2273 1000 2311; x_wconf 89' lang='lat' dir='ltr'><strong>pugnae</strong></span> <span class='ocrx_word' id='word_1_243' title='bbox 1020 2261 1231 2311; x_wconf 89' lang='lat' dir='ltr'><strong>proposuit.</strong></span> <span class='ocrx_word' id='word_1_244' title='bbox 1286 2262 1420 2311; x_wconf 89' lang='lat' dir='ltr'><strong>Agen-</strong></span> <span class='ocrx_word' id='word_1_245' title='bbox 1439 2263 1503 2298; x_wconf 83' lang='lat'><strong>530</strong></span> 
     </span>
     <span class='ocr_line' id='line_1_32' title="bbox 105 2326 1422 2378; baseline -0.005 -7"><span class='ocrx_word' id='word_1_246' title='bbox 105 2333 207 2371; x_wconf 91' lang='lat' dir='ltr'><strong>tibus</strong></span> <span class='ocrx_word' id='word_1_247' title='bbox 219 2330 347 2369; x_wconf 87' lang='lat' dir='ltr'><strong>divina</strong></span> <span class='ocrx_word' id='word_1_248' title='bbox 359 2328 616 2378; x_wconf 89' lang='lat' dir='ltr'><strong>humanaque,</strong></span> <span class='ocrx_word' id='word_1_249' title='bbox 630 2339 728 2378; x_wconf 85' lang='lat' dir='ltr'><strong>quae</strong></span> <span class='ocrx_word' id='word_1_250' title='bbox 744 2326 923 2373; x_wconf 91' lang='lat' dir='ltr'><strong>assolent,</strong></span> <span class='ocrx_word' id='word_1_251' title='bbox 936 2339 1055 2378; x_wconf 88' lang='lat' dir='ltr'><strong>quum</strong></span> <span class='ocrx_word' id='word_1_252' title='bbox 1069 2327 1148 2365; x_wconf 85' lang='lat' dir='ltr'><strong>acie</strong></span> <span class='ocrx_word' id='word_1_253' title='bbox 1161 2327 1422 2366; x_wconf 87' lang='lat' dir='ltr'><strong>dimicandum</strong></span> 
     </span>
    </p>

    <p class='ocr_par' dir='ltr' id='par_1_8' title="bbox 727 2407 1447 2451">
     <span class='ocr_line' id='line_1_33' title="bbox 727 2407 1447 2451; baseline -0.004 -18"><span class='ocrx_word' id='word_1_254' title='bbox 727 2408 748 2433; x_wconf 94' lang='lat' dir='ltr'><strong>c</strong></span> <span class='ocrx_word' id='word_1_255' title='bbox 772 2407 790 2431; x_wconf 90' lang='lat'><strong>2</strong></span> <span class='ocrx_word' id='word_1_256' title='bbox 1427 2419 1447 2451; x_wconf 46' lang='grc' dir='ltr'><em>ι</em></span> 
     </span>
    </p>
   </div>
  </div>
 </body>
</html>
