1663 2564
379 123 442 154 IV.
504 123 659 153 FRESH
686 121 871 152 APPEAL
906 122 963 154 TO
992 123 1160 154 MIGHT.
1374 127 1427 170 23

112 221 376 262 descendetis.'
433 222 484 262 Et
503 223 558 262 vis
577 229 656 262 erat
675 223 714 261 in
735 235 782 262 eo
801 223 880 261 viro
901 223 1047 273 imperii
1074 223 1211 272 ingens
1231 223 1369 273 pariter
1387 223 1427 261 in

112 289 240 326 socios
266 288 454 338 civesque.
510 287 777 327 Praenestinus
806 295 958 338 praetor
977 300 1045 338 per
1063 289 1241 326 timorem
1272 289 1426 337 segnius

111 365 158 391 ex
189 354 367 392 subsidiis
400 366 492 392 suos
523 354 680 392 duxerat
710 354 749 391 in
781 354 944 403 primam
981 353 1101 391 aciem
1118 366 1128 400 ;
1163 365 1278 403 quem
1307 366 1425 403 quum
1444 359 1504 398 ⁶²5

112 419 354 457 inambulans
383 427 470 457 ante
499 419 785 457 tabernaculum
805 420 930 457 vocari
960 419 1139 464 iussisset,
1161 419 1332 456 lictorem
1361 432 1426 457 ex-

111 484 242 534 pedire
285 485 447 523 securim
485 485 603 522 iussit.
673 484 737 522 Ad
776 496 891 534 quam
929 496 1063 522 vocem
1101 484 1267 521 exanimi
1306 490 1426 522 stante

111 549 372 595 Praenestino,
394 550 505 600 ‘Age
534 550 638 595 dum,
662 549 780 596 lictor,
801 549 935 587 excide
964 549 1131 587 radicem
1159 547 1280 587 hanc’
1306 549 1427 598 inquit

111 615 426 654 ‘incommodam
461 614 764 660 ambulantibus,’
796 614 1065 664 perfusumque
1098 614 1218 651 ultimi
1253 614 1425 664 supplicii

110 687 226 725 metu,
247 681 364 718 multa
383 680 496 726 dicta,
517 680 669 718 dimisit.
723 679 842 717 Haud
861 679 974 717 dubie
995 680 1056 717 illa
1075 686 1208 725 aetate,
1229 691 1304 729 qua
1324 679 1424 717 nulla
1438 684 1501 724 630

109 746 288 783 virtutum
317 744 475 783 feracior
494 744 574 791 fuit,
595 756 710 782 nemo
729 756 829 782 unus
857 750 937 782 erat
955 744 1020 790 vir,
1039 756 1117 793 quo
1146 744 1268 793 magis
1296 745 1426 782 innixa

109 822 169 849 res
206 810 387 848 Romana
425 817 549 847 staret.
622 809 726 856 Quin
764 821 852 846 eum
891 821 1022 858 parem
1061 809 1251 846 destinant
1289 810 1424 848 animis

62 894 65 897 ·
109 888 253 926 magno
274 875 495 913 Alexandro
522 875 671 921 ducem,
694 875 723 912 si
750 886 855 912 arma
880 875 973 912 Asia
1000 874 1212 925 perdomita
1237 875 1274 912 in
1303 874 1423 913 Euro-

109 954 198 993 pam
220 941 400 980 vertisset.
