1663 2564
146 144 197 177 11.
251 143 340 174 THE
372 142 543 174 TABLES
572 141 670 174 ARE
702 141 891 174 TURNED
919 142 985 173 ΟΝ
1015 142 1105 173 THE
1134 140 1343 172 ROMANS.
1381 139 1408 184 5

87 242 191 289 toris,
210 256 279 294 per
298 244 438 282 litteras
457 243 738 282 consulendum
758 249 928 281 censent.
984 242 1068 280 Iam
1090 242 1122 280 is
1148 242 1273 292 gravis
1297 240 1407 279 annis
1424 253 1466 286 95

87 319 166 346 non
189 309 412 349 militaribus
438 309 576 355 solum,
597 309 665 348 sed
689 309 859 347 civilibus
879 320 1034 358 quoque
1061 307 1299 345 abscesserat
1323 318 1408 343 mu-

87 373 265 420 neribus;
296 374 336 412 in
355 386 515 424 corpore
535 380 665 412 tamen
689 373 828 411 affecto
848 373 1000 422 vigebat
1018 372 1074 410 vis
1101 372 1218 410 animi
1242 370 1408 409 consilii-

87 449 174 488 que.
232 439 272 478 Is
291 440 356 478 ubi
380 440 539 489 accepit,
560 439 608 477 ad
628 439 809 477 Furculas
831 437 1025 476 Caudinas
1051 438 1147 476 inter
1167 438 1265 476 duos
1291 436 1409 475 saltus

89 503 240 542 clausos
273 517 358 543 esse
391 505 579 542 exercitus
612 503 826 550 Romanos,
859 503 1056 542 consultus
1090 503 1139 540 ab
1172 503 1309 540 nuntio
1343 501 1405 538 filii

88 571 247 617 censuit,
278 583 413 609 omnes
447 571 535 609 inde
567 583 684 620 quarn
717 571 883 620 primum
914 569 1116 607 inviolatos
1148 568 1407 606 dimittendos.

89 635 201 683 Quae
231 636 298 674 ubi
330 643 457 686 spreta
487 636 675 674 sententia
705 643 771 681 est,
803 636 1014 684 iterumque
1045 635 1185 673 eodem
1215 639 1408 672 remeante

88 701 224 739 nuntio
250 701 532 760 consul-ebatur,
553 701 711 746 censuit,
732 700 781 738 ad
804 712 923 738 unum
950 712 1087 738 omnes
1113 699 1409 738 interficiendos,

89 766 201 813 Quae
229 766 295 804 ubi
325 772 405 803 tarn
434 766 625 804 discordia
659 766 755 803 inter
784 778 828 803 se
856 765 956 803 velut
988 777 1036 803 ex
1067 765 1220 815 ancipiti
1254 763 1411 802 oraculo

87 843 274 882 responsa
311 832 401 870 data
438 839 536 877 sunt,
569 843 791 881 quanquam
830 831 928 869 filius
966 831 1048 880 ipse
1087 832 1127 868 in
1163 831 1296 880 primis
1334 831 1409 868 iarn

51 913 55 917 ¹
88 898 262 936 animum
291 909 446 948 quoque
479 897 596 946 patris
631 897 880 935 consenuisse
911 897 950 934 in
985 897 1124 935 affecto
1158 907 1318 946 corpore
1351 907 1408 933 re-

87 963 209 1009 batur,
229 970 359 1000 tamen
382 974 576 1001 consensu
600 963 774 1000 omnium
794 963 914 1001 victus
942 970 1009 1009 est,
1030 969 1073 1000 ut
1098 963 1226 1012 ipsum
1252 962 1290 998 in
1318 972 1410 999 con-

88 1027 215 1066 silium
234 1027 387 1065 acciret.
801 1033 811 1041 ·

307 1175 339 1199 2.
384 1164 394 1182 ‘
409 1164 539 1209 Living
552 1163 689 1208 friends
713 1164 817 1199 better
842 1165 926 1199 than
951 1165 1038 1200 dead
1049 1164 1152 1208 foes.’

144 1256 230 1295 Nec
263 1263 442 1307 gravatus
475 1269 593 1295 senex
624 1256 794 1306 plaustro
828 1257 868 1294 in
901 1264 1025 1295 castra
1055 1258 1190 1295 dicitur
1220 1257 1412 1304 advectus,

90 1328 325 1373 vocatusque
351 1323 391 1360 in
410 1323 613 1361 eonsilium
632 1322 684 1360 ita
707 1322 824 1360 ferme
849 1322 1001 1361 locutus
1021 1335 1117 1369 esse,
1137 1330 1179 1360 ut
1207 1323 1299 1360 nihil
1326 1335 1413 1360 sen-

90 1389 230 1426 tentiae
265 1399 356 1426 suae
393 1394 569 1434 mutaret,
603 1399 740 1426 causas
777 1394 925 1425 tantum
960 1388 1162 1426 adiiceret:
1205 1388 1332 1438 priore
1371 1399 1412 1426 se

91 1452 264 1498 consilio,
294 1453 401 1503 quod
434 1453 624 1502 optimum
655 1453 821 1499 duceret,
852 1465 939 1491 cum
970 1453 1237 1503 potentissimo
1267 1453 1413 1503 populo

91 1531 159 1569 per
182 1519 322 1568 ingens
344 1518 577 1556 beneficium
600 1525 824 1568 perpetuam
853 1517 1003 1556 firmare
1029 1531 1164 1568 pacem
1193 1519 1414 1556 amicitiam-

92 1595 192 1634 que;
222 1582 342 1621 altero
371 1583 533 1622 consilio
561 1583 600 1620 in
629 1583 768 1621 multas
796 1590 950 1630 aetates,
971 1585 1120 1634 quibus,
1142 1584 1291 1622 amissis
1318 1584 1414 1621 duo-

92 1650 165 1688 bus
202 1649 442 1694 exercitibus,
481 1648 584 1686 haud
623 1649 732 1687 facile
769 1657 969 1699 receptura
1002 1650 1098 1688 vires
1136 1649 1318 1688 Romana
1353 1661 1414 1688 res

92 1720 204 1760 esset,
225 1714 368 1752 bellum
387 1713 559 1760 differre;
584 1714 734 1752 tertium
755 1715 900 1753 nullum
920 1715 1123 1754 consilium
1143 1728 1238 1754 esse.
1281 1714 1414 1762 Quum

92 1780 191 1818 filius
221 1779 359 1830 aliique
393 1779 587 1829 principes
617 1781 883 1829 percontando
914 1788 1221 1831 exsequerentur,
1252 1781 1354 1831 quid,
1385 1781 1415 1818 si

92 1845 300 1883 media.via
323 1845 470 1883 consilii
497 1853 705 1895 caperetur,
724 1853 766 1883 ut
786 1853 822 1884 et
842 1846 1120 1884 dimitterentur
1140 1846 1354 1884 incolumes
1380 1852 1417 1884 et

93 1912 198 1962 leges
229 1911 274 1950 iis
308 1911 387 1948 iure
417 1911 506 1949 belli
536 1911 642 1949 victis
676 1900 975 1961 imponerentur,
1006 1912 1111 1950 ‘Ista
1142 1912 1299 1962 quidem
1330 1924 1416 1950 sen-

92 1977 233 2016 tentia'
254 1977 375 2026 inquit
395 1979 404 1995 ‘
420 1989 466 2014 ea
485 1983 553 2023 est,
574 1989 672 2027 quae
700 1990 826 2028 neque
853 1978 1000 2016 amicos
1024 1985 1133 2028 parat
1151 1991 1224 2016 nec
1243 1979 1418 2016 inimicos

93 2043 198 2081 tollit.
257 2042 412 2081 Servate
445 2042 578 2088 modo,
608 2054 706 2092 quos
740 2043 954 2093 ignominia
987 2044 1243 2092 irritaveritis;
1282 2056 1328 2082 ea
1361 2050 1418 2081 est

95 2108 276 2147 Romana
303 2120 414 2158 gens,
434 2120 532 2158 quae
558 2108 656 2146 victa
682 2109 879 2158 quiescere
908 2109 1065 2147 nesciat.
1123 2108 1237 2148 Vivet
1265 2121 1418 2160 semper

94 2175 134 2212 in
171 2174 393 2224 pectoribus
431 2173 593 2219 illorum,
633 2174 816 2223 quicquid
853 2174 951 2212 istuc
989 2186 1173 2224 praesens
1211 2176 1420 2214 necessitas

94 2239 283 2284 inusserit,
303 2251 376 2276 nec
405 2250 475 2277 eos
505 2246 593 2276 ante
622 2239 850 2290 multiplices
878 2252 1026 2289 poenas
1054 2240 1241 2290 expetitas
1268 2253 1290 2279 a
1313 2241 1421 2280 vobis

94 2305 291 2356 quiescere
319 2302 443 2341 sinet!

1429 578 1491 604 100

1431 905 1490 938 ¹05

1435 1398 1495 1421 110

1437 1723 1496 1756 115

1441 2051 1501 2075 120
