1663 2564
247 69 276 108 4
607 64 697 95 THE
729 64 935 97 CAUDINE
964 67 1205 102 DISASTER.

248 176 470 215 quanquam
503 164 666 202 ludibrio
702 164 784 201 sore
817 165 1032 204 munientes
1064 167 1222 216 perditis
1259 171 1372 208 rebus
1409 183 1454 209 ac
1492 180 1560 220 spe

246 231 353 267 omni
378 230 560 279 adempta
579 230 799 275 cernebant,
819 236 959 276 tamen,
980 243 1029 268 ne
1051 231 1205 281 culpam
1230 234 1341 271 malis
1366 235 1561 278 adderent,

246 308 317 348 pro
339 308 379 333 se
399 295 572 345 quisque,
593 307 664 332 nec
684 294 859 332 hortante
879 295 957 333 ullo
978 308 1050 333 nec
1070 296 1293 345 imperante,
1313 298 1362 335 ad
1388 299 1562 336 munien-

247 363 339 400 dum
368 362 465 399 versi
495 368 618 398 castra
644 367 801 410 propter
827 373 968 410 aquam
995 361 1092 398 vallo
1122 362 1368 407 circumdant,
1395 375 1464 401 sua
1490 363 1564 412 ipsi

191 436 228 470 75
247 439 365 476 opera
384 426 631 475 laboremque
651 425 807 470 irritum,
829 433 1095 475 praeterquam
1116 426 1221 476 quod
1245 426 1375 464 hostes
1401 428 1564 478 superbe

246 492 507 540 increpabant,
528 502 617 527 cum
637 490 842 528 miserabili
862 491 1106 530 confessione
1128 492 1337 529 eludentes.

296 625 329 657 6.
355 623 445 657 ‘But
470 623 523 657 the
548 622 696 656 Consul’s
721 621 819 656 bro-w
845 636 924 657 was
949 624 1023 666 sad,
1050 624 1123 658 and
1145 624 1202 658 the
1228 623 1376 658 Consul's
1400 622 1511 668 speech

807 693 886 714 was
912 681 1005 716 low.’

300 767 362 805 Ad
382 766 560 805 consules
584 773 765 812 maestOS,
785 778 835 804 ne
862 767 1095 806 advocantes
1117 767 1273 817 quidem
1292 768 1331 805 in
1351 767 1566 814 consilium,

246 834 403 884 quando
442 845 514 871 nec
548 832 710 870 consilio
744 844 816 870 nec
851 833 992 870 auxilio
1031 833 1139 871 locus
1176 840 1287 879 esset,
1322 845 1391 872 sua
1428 840 1566 884 sponte

246 899 360 949 legati
388 911 432 936 ae
457 898 597 935 tribuni
623 898 866 943 conveniunt,
892 898 1105 948 militesque
1135 899 1184 936 ad
1212 899 1444 948 praetorium
1470 899 1567 936 versi

189 971 231 1003 80
248 976 373 1014 opem,
405 975 521 1013 quam
549 963 611 1000 vix
641 963 692 1000 dii
720 963 956 1000 immortales
985 962 1080 1001 ferre
1112 970 1300 1013 poterant,
1330 964 1379 1001 ab
1407 963 1567 1001 ducibus

247 1035 473 1079 exposcunt.
539 1027 756 1075 Querentes
789 1028 913 1078 magis
945 1041 1061 1078 quam
1095 1028 1355 1066 consultantes
1387 1040 1468 1066 nox
1497 1039 1568 1078 op-

246 1096 395 1145 pressit,
426 1105 543 1144 quum
578 1106 648 1143 pro
681 1094 838 1143 ingenio
868 1094 1031 1143 quisque
1062 1094 1277 1139 fremerent,
1310 1094 1431 1132 alius:
1472 1094 1569 1132 ‘Per

247 1162 378 1199 obices
408 1160 564 1206 viarum,
594 1172 663 1209 per
693 1160 852 1198 adversa
885 1160 1086 1205 montium,
1119 1173 1187 1210 per
1217 1161 1341 1206 silvas,
1373 1172 1450 1210 qua
1481 1159 1568 1198 ferri

247 1238 354 1264 arma
386 1231 577 1276 poterunt,
609 1237 764 1272 eamus,
798 1225 918 1262 modo
952 1225 1001 1262 ad
1034 1225 1186 1262 hostem
1217 1226 1416 1275 pervenire
1446 1225 1567 1271 liceat,

189 1297 228 1337 85
248 1303 363 1341 quem
386 1303 454 1340 per
474 1302 597 1328 annos
623 1291 700 1327 iam
728 1302 849 1340 prope
876 1291 1028 1340 triginta
1048 1291 1258 1328 vincimus:
1289 1291 1420 1328 omnia
1446 1303 1569 1341 aequa

246 1364 284 1394 et
313 1356 428 1405 plana
457 1362 567 1393 erunt
597 1355 777 1393 Romano
811 1356 851 1392 in
882 1355 1071 1404 perfidum
1104 1354 1314 1393 Samnitem
1346 1357 1532 1405 pugnanti
1544 1355 1568 1402 ;'

246 1423 365 1460 alius:
396 1425 405 1441 ‘
422 1421 512 1468 Quo
540 1430 601 1459 aut
633 1434 707 1471 qua
734 1422 896 1459 eamus?
927 1433 1021 1458 num
1048 1428 1200 1459 montes
1227 1421 1351 1459 moliri
1380 1422 1471 1460 sede
1499 1434 1566 1461 sua

246 1488 455 1538 paramus?
510 1487 615 1524 Dum
642 1487 736 1524 haec
762 1487 1018 1524 imminebunt
1043 1487 1144 1536 iuga,
1169 1499 1246 1536 qua
1271 1494 1311 1524 tu
1339 1487 1387 1524 ad
1416 1486 1568 1525 hostem

247 1553 405 1591 venias?
462 1552 621 1597 Armati,
643 1552 818 1597 inermes,
840 1551 970 1598 fortes,
991 1553 1130 1601 ignavi,
1151 1552 1289 1601 pariter
1309 1564 1444 1590 omnes
1468 1553 1569 1602 capti

189 1632 230 1664 90
248 1625 362 1668 atque
387 1618 474 1655 victi
500 1630 655 1663 sumus;
685 1629 734 1655 ne
764 1617 905 1654 ferrum
935 1617 1091 1666 quidem
1121 1617 1170 1654 ad
1198 1617 1297 1655 bene
1326 1618 1568 1656 moriendum

221 1717 225 1720 .
247 1681 442 1719 oblaturus
463 1687 520 1718 est
539 1680 658 1718 hostis
673 1693 682 1726 ;
714 1679 853 1717 sedens
873 1680 1014 1717 bellurn
1035 1679 1237 1718 conficiet.’
1293 1679 1368 1718 His
1388 1680 1427 1717 in
1447 1680 1568 1718 vicem

248 1747 490 1786 sermonibus
509 1758 585 1796 qua
605 1745 691 1791 cibi,
713 1757 789 1795 qua
809 1745 947 1795 quietis
967 1746 1173 1784 immemor
1192 1757 1270 1783 nox
1290 1746 1462 1784 traducta
1481 1753 1550 1784 est.

250 1912 308 1953 II.
369 1911 502 1953 THE
544 1910 790 1952 TABLES
828 1910 960 1951 ARE
1002 1910 1272 1953 TURNED
1311 1911 1396 1953 ΟΝ
1434 1911 1568 1953 THE

767 1995 1047 2038 ROMANS.
1534 2003 1536 2005 ’

589 2111 617 2134 r.
665 2100 729 2134 ‘The
755 2100 904 2133 Samnite
929 2099 1080 2133 Nestor’s
1105 2099 1236 2134 advice.

302 2189 364 2228 Ne
388 2189 622 2229 Samnitibus
643 2189 799 2239 quidem
820 2188 1024 2227 consilium
1045 2188 1082 2225 in
1102 2196 1180 2226 tam
1205 2188 1313 2226 laetis
1339 2188 1568 2238 suppetebat

246 2258 360 2295 rebus
375 2269 385 2303 ;
415 2256 541 2305 itaque
561 2255 724 2292 universi
751 2254 991 2292 Herennium
1017 2253 1208 2300 Pontium,
1230 2261 1376 2304 patrem
1403 2255 1567 2305 impera-
