1663 2564
208 125 258 164 14
561 117 652 149 THE
682 116 734 147 CA
747 116 888 147 UDINE
919 114 1162 146 DISASTER.

201 221 239 256 in
269 218 400 256 omnia
428 222 566 266 potest.
622 215 672 253 Et
700 227 749 252 ne
777 215 868 252 illud
897 214 1065 264 quidem,
1090 213 1196 263 quod
1225 213 1415 264 quosdam
1444 212 1519 250 for-

120 296 182 329 355
203 284 300 321 sitan
329 289 493 327 moveat,
511 281 634 327 refert,
655 280 791 318 consul
819 292 868 317 an
897 280 1060 317 dictator
1088 291 1138 316 an
1166 285 1318 328 praetor
1347 289 1519 328 spopon-

203 349 308 386 derit.
364 347 416 384 Et
435 347 510 384 hoc
534 347 606 396 ipsi
626 346 741 384 etiam
769 344 959 383 Samnites
985 344 1256 389 iudicaverunt,
1277 344 1416 393 quibus
1441 355 1522 381 non

202 413 270 450 fuit
290 413 393 457 satis,
408 411 587 449 consules
608 411 813 460 spondere,
829 409 897 448 sed
915 410 1076 459 legatos,
1093 416 1329 458 quaestores,
1349 409 1523 446 tribunos

203 477 363 514 militum
398 476 589 526 spondere
625 481 846 524 coegerunt.
913 474 997 512 Nec
1033 486 1055 511 a
1087 486 1150 512 me
1184 486 1288 511 nunc
1319 473 1522 523 quisquam

203 542 438 592 quaesiverit,
459 541 550 590 quid
574 541 625 578 ita
647 540 937 590 spoponderim,
958 552 1078 589 quum
1104 539 1143 576 id
1169 551 1242 576 nec
1268 538 1438 576 consulis
1464 539 1522 575 ius

122 612 185 654 360
204 613 315 652 esset,
336 619 408 644 nec
436 606 506 643 illis
535 606 727 656 spondere
757 618 906 655 pacem,
927 617 1026 654 quae
1054 606 1130 642 mei
1156 617 1238 642 non
1265 612 1344 642 erat
1371 604 1523 649 arbitrii,

205 685 277 710 nec
310 683 381 721 pro
414 672 534 717 vobis,
565 671 630 721 qui
661 670 754 708 nihil
786 670 1076 716 mandaveratis,
1105 682 1275 719 possem.
1336 669 1442 707 Nihil
1475 669 1525 706 ad

205 736 406 782 Caudium,
438 743 565 785 patres
598 735 817 785 conscripti,
848 735 1026 772 humanis
1060 735 1228 772 consiliis
1261 742 1413 784 gestum
1443 741 1522 780 est;

206 802 258 840 dii
285 801 520 839 immortales
548 808 585 838 et
607 801 740 838 vestris
770 807 808 838 et
835 800 1004 837 hostiurn
1033 801 1328 849 imperatoribus
1355 806 1525 838 mentem

206 867 442 906 ademerunt.
503 865 588 904 Nec
621 877 695 904 nos
727 866 766 903 in
798 866 898 903 bello
933 865 1024 903 satis
1058 865 1238 910 cavimus,
1273 871 1310 902 et
1342 864 1393 902 illi
1426 864 1526 902 male

124 939 185 982 3⁶5
206 939 354 984 partam
381 933 576 970 victoriam
608 932 707 969 male
741 931 1002 981 perdiderunt,
1031 931 1123 968 dum
1156 931 1219 969 vix
1251 931 1357 977 locis,
1387 931 1524 980 quibus

207 999 384 1044 vicerant,
409 997 579 1043 credunt,
600 997 692 1034 dum
721 1008 951 1046 quacunque
980 996 1208 1034 condicione
1238 1008 1344 1033 arma
1371 996 1459 1033 viris
1487 997 1526 1033 in

207 1076 313 1102 arma
350 1064 449 1101 natis
487 1062 634 1100 auferre
671 1062 864 1100 festinant.
925 1061 999 1106 An,
1036 1061 1067 1098 si
1105 1072 1200 1098 sana
1236 1073 1347 1098 mens
1384 1060 1526 1108 fuisset,

208 1129 357 1168 difficile
386 1128 457 1166 illis
486 1127 565 1174 fuit,
587 1127 678 1165 dum
708 1139 819 1165 senes
839 1127 888 1165 ab
915 1127 1034 1164 domo
1063 1126 1112 1164 ad
1141 1126 1436 1165 consultandum
1464 1139 1528 1164 ac-

208 1202 373 1240 cersunt,
393 1195 540 1231 mittere
571 1192 739 1231 Romam
767 1193 943 1241 legatos?
978 1205 1066 1230 cum
1095 1199 1241 1238 senatu,
1263 1205 1352 1230 cum
1382 1192 1529 1242 populo

127 1269 190 1304 370
210 1261 257 1298 de
277 1272 372 1309 pace
392 1272 437 1298 ac
457 1258 610 1296 foedere
630 1258 770 1308 agere?
808 1257 944 1295 Tridui
964 1258 1032 1295 iter
1052 1258 1240 1307 expeditis
1260 1265 1339 1295 erat
1350 1271 1360 1305 ;
1384 1258 1530 1295 interea

209 1326 249 1363 in
277 1325 432 1362 indutiis
460 1336 520 1361 res
549 1323 690 1369 suisset,
711 1324 837 1361 donec
866 1324 914 1360 ab
944 1322 1074 1360 Roma
1101 1323 1216 1371 legati
1245 1330 1310 1360 aut
1333 1323 1530 1361 victoriam

209 1391 280 1428 illis
308 1397 450 1428 certam
476 1396 539 1426 aut
559 1401 696 1438 pacem
717 1388 905 1426 afferrent.
961 1388 1020 1425 Ea
1045 1388 1202 1426 demum
1230 1389 1388 1437 sponsio
1416 1396 1528 1435 esset,

209 1468 326 1506 quarn
355 1455 487 1505 populi
515 1455 620 1492 iussu
648 1454 1003 1503 spopondissemus.
1067 1452 1144 1491 Sed
1173 1465 1299 1503 neque
1327 1465 1396 1492 vos
1425 1454 1529 1492 tulis-

210 1522 311 1567 setis,
342 1533 415 1558 nec
448 1531 521 1557 nos
553 1519 899 1570 spopondissemus
910 1531 920 1565 ς
959 1530 1032 1556 nec
1066 1518 1123 1555 fas
1156 1518 1225 1556 fuit
1258 1518 1374 1556 alium
1404 1532 1530 1557 rerum

128 1595 189 1630 375
211 1588 353 1625 exitum
383 1598 478 1631 esse,
500 1597 616 1635 quam
645 1591 686 1622 ut
715 1584 765 1622 illi
785 1584 886 1621 velut
915 1583 1067 1621 somnio
1096 1583 1262 1629 laetiore,
1284 1596 1401 1632 quam
1426 1585 1532 1635 quod

211 1659 359 1690 mentes
390 1664 523 1689 eorum
555 1663 692 1700 capere
722 1656 892 1699 possent,
921 1649 1179 1698 nequicquam
1210 1649 1464 1696 eluderentur,
1494 1656 1532 1688 et

210 1725 385 1756 nostrum
416 1717 625 1755 exercitum
657 1715 804 1761 eadem,
834 1727 932 1764 quae
964 1714 1200 1764 impedierat,
1232 1714 1383 1753 fortuna
1413 1728 1531 1765 expe-

212 1784 318 1829 diret,
348 1795 485 1820 vanam
516 1782 713 1820 victoriam
743 1781 875 1819 vanior
904 1780 1046 1818 irritam
1080 1780 1220 1817 faceret
1252 1792 1340 1829 pax,
1371 1781 1530 1830 sponsio

211 1850 525 1898 interponeretur,
546 1859 644 1897 quae
673 1847 868 1884 neminem
896 1852 1047 1895 praeter
1075 1857 1304 1894 sponsorem
1332 1845 1530 1894 obligaret.

130 1919 193 1959 380
213 1914 319 1961 Quid
352 1914 454 1951 enim
484 1914 695 1958 vobiscum,
727 1918 854 1962 patres
889 1911 1105 1960 conscripti,
1137 1910 1229 1959 quid
1261 1922 1350 1948 cum
1384 1911 1531 1960 populo

214 1979 396 2017 Romano
429 1985 558 2016 actum
591 1978 676 2016 est?
739 1976 837 2023 Quis
870 1988 939 2014 vos
973 1976 1164 2026 appellare
1197 1983 1335 2025 potest,
1371 1977 1455 2026 quis
1489 1989 1530 2014 se

212 2059 235 2085 a
267 2047 377 2084 vobis
411 2046 537 2083 dicere
570 2044 804 2093 deceptum?
861 2042 998 2080 Hostis
1032 2054 1081 2079 an
1115 2041 1234 2079 civis?
1291 2041 1407 2079 Hosti
1441 2042 1531 2079 nihil

213 2111 485 2162 spopondistis,
516 2111 638 2148 civem
668 2109 863 2146 neminem
895 2107 1086 2158 spondere
1117 2118 1187 2156 pro
1217 2107 1325 2144 vobis
1358 2107 1530 2145 iussistis.

214 2176 317 2214 Nihil
346 2187 439 2225 ergo
464 2175 572 2213 vobis
601 2187 672 2213 nec
697 2175 900 2212 nobiscum
929 2180 997 2218 est,
1021 2173 1160 2221 quibus
1188 2171 1280 2208 nihil
1309 2172 1530 2218 mandastis,

131 2248 192 2290 385
214 2254 286 2280 nec
312 2254 400 2280 cum
429 2241 674 2285 Samnitibus,
695 2252 783 2278 cum
811 2239 949 2288 quibus
980 2237 1070 2275 nihil
1099 2237 1239 2285 egistis.
1297 2237 1532 2277 Samnitibus

213 2319 420 2358 sponsores
441 2319 513 2345 nos
533 2318 667 2344 sumus
687 2306 739 2344 rei
759 2305 851 2342 satis
870 2303 1080 2353 locupletes
1101 2303 1139 2340 in
1159 2302 1208 2350 id,
1229 2303 1335 2353 quod
1356 2310 1529 2342 nostrum
