1663 2564
367 124 431 156 IV.
490 123 643 155 FRESH
670 123 858 155 APPEAL
890 122 947 154 To
975 119 1146 154 MIGHT.
1364 119 1412 162 17

97 221 216 260 tendo
239 228 374 271 pactus
403 235 499 268 sum,
521 234 601 260 non
620 222 794 268 habeam,
815 221 890 260 hoc
910 228 961 267 tu,
983 221 1027 258 A.
1052 219 1218 264 Corneli,
1239 219 1314 256 hoc
1332 229 1413 261 vos,

97 286 254 333 fetiales,
283 287 374 325 iuris
407 288 585 337 gentibus
615 287 766 325 dicitis?
821 287 908 337 Ego
937 298 1028 324 vero
1061 286 1166 330 istos,
1196 295 1294 334 quos
1327 283 1414 321 dedi

97 352 295 399 simulatis,
330 365 401 391 nec
435 353 582 403 accipio
617 365 689 391 nec
724 352 812 391 dedi
850 353 1022 396 arbitror,
1056 363 1128 388 nec
1161 361 1301 394 moror,
1334 360 1413 398 quo

96 418 223 455 minus
247 417 285 455 in
306 418 495 456 civitatem
515 418 723 468 obligatam
753 418 960 468 sponsione
981 416 1191 455 commissa
1210 414 1310 452 iratis
1329 425 1413 451 om·
1431 422 1496 454 450

96 483 208 521 nibus
229 483 311 529 diis,
333 495 498 533 quorum
525 484 687 522 eluditur
711 496 866 529 numen,
886 483 1051 520 redeant.
1110 480 1240 519 Gerite
1260 479 1415 525 bellum,

96 549 253 597 quando
275 548 340 598 Sp.
361 549 579 587 Postumius
606 549 726 587 modo
747 549 916 598 legatum
937 547 1102 585 fetialem
1122 558 1224 595 genu
1245 544 1414 594 perculit.

95 612 155 650 Ita
192 614 243 651 dii
281 614 449 660 credent,
485 613 696 652 Samnitem
734 615 856 652 civem
889 613 1142 657 Postumium,
1177 622 1256 648 non
1294 610 1415 648 civem

95 677 319 717 Romanum
347 692 431 717 esse
460 687 498 718 et
525 692 548 717 a
576 679 744 717 Samnite
770 679 938 729 legatum
965 678 1188 715 Romanum
1209 676 1416 714 violatum:

91 753 140 780 eo
163 745 272 782 vobis
297 745 438 782 iustum
464 745 503 782 in
529 757 601 782 nos
625 745 768 783 sactum
794 757 878 782 esse
904 743 1058 781 bellum.
1114 742 1225 780 Haec
1253 741 1414 780 ludibria
1432 750 1494 783 455

91 809 321 859 religionum
359 821 440 847 non
477 810 620 860 pudere
658 810 697 848 in
735 810 859 848 lucem
899 808 1079 859 proferre,
1112 815 1150 845 et
1186 807 1246 845 vix
1284 808 1413 857 pueris

54 907 57 910 .
92 875 231 924 dignas
261 875 446 925 ambages
478 887 589 913 senes
622 887 668 914 ac
697 875 918 913 consulares
946 873 1133 911 fallendae
1162 873 1250 911 fidei
1280 873 1411 922 exqui-

91 942 199 978 rerel
256 940 286 986 Ι,
317 940 435 987 lictor,
467 940 579 979 deme
607 941 732 979 vincla
760 940 973 987 Romanis;
1009 947 1179 977 moratus
1207 938 1255 977 sit
1282 950 1411 985 nemo,

89 1017 169 1057 quo
197 1006 336 1052 minus,
366 1007 430 1044 ubi
459 1006 583 1044 visum
611 1005 732 1052 fuerit,
762 1005 926 1044 abeant!

234 1194 312 1239 IV.
372 1195 581 1237 FRESH
624 1194 876 1236 APPEAL
917 1194 1000 1238 TO
1042 1193 1268 1238 MIGHT.

450 1314 479 1338 1.
528 1304 677 1349 Despair
701 1305 744 1346 qf
760 1304 814 1337 the
839 1304 1051 1348 Conquerors.

143 1397 193 1436 Et
218 1396 268 1434 illi
294 1396 461 1446 quidem,
483 1396 641 1435 forsitan
670 1403 708 1434 et
733 1397 896 1447 publica,
918 1408 986 1434 sua
1013 1403 1114 1435 certe
1143 1397 1298 1435 liberata
1323 1397 1409 1444 fide,
1427 1403 1491 1447 460

91 1464 140 1501 ab
169 1462 320 1502 Caudio
355 1462 394 1499 in
428 1469 551 1500 castra
584 1461 764 1499 Romana
794 1461 961 1500 inviolati
995 1462 1197 1500 redierunt.
1261 1461 1409 1500 Samni-

89 1529 190 1567 tibus
218 1540 290 1578 pro
324 1529 490 1577 superba
518 1539 615 1577 pace
645 1527 934 1565 infestissimum
963 1527 1207 1565 cernentibus
1235 1534 1410 1565 renatum

90 1593 232 1632 bellum
251 1593 394 1639 omnia,
415 1604 512 1642 quae
533 1591 671 1630 deinde
691 1599 909 1638 evenerunt,
930 1604 1010 1630 non
1039 1593 1079 1630 in
1108 1592 1244 1631 animis
1272 1593 1410 1639 solum,

90 1659 160 1697 sed
192 1670 314 1708 prope
347 1658 386 1695 in
419 1657 542 1695 oculis
574 1669 669 1703 esse,
699 1664 737 1694 et
769 1668 856 1695 sero
889 1669 933 1695 ac
967 1658 1223 1708 nequicquam
1257 1658 1410 1697 laudare

90 1725 193 1763 senis
227 1723 353 1762 Pontii
387 1730 547 1772 utraque
580 1722 751 1768 consilia,
786 1722 882 1759 inter
915 1735 1013 1773 quae
1047 1735 1088 1761 se
1121 1723 1249 1762 media
1280 1724 1410 1774 lapsos
1426 1733 1490 1774 465

89 1789 269 1828 victoriae
307 1789 598 1839 possessionem
637 1800 733 1837 pace
770 1788 914 1826 incerta
952 1796 1119 1826 mutasse
1157 1796 1205 1835 et,
1235 1790 1410 1828 beneficii

88 1863 128 1894 et
163 1854 339 1893 maleficii
377 1854 584 1892 occasione
623 1853 775 1899 amissa,
810 1860 1048 1904 pugnaturos
1085 1867 1173 1893 cum
1212 1855 1277 1901 eis,
1311 1867 1409 1905 quos

89 1921 282 1972 potuerint
302 1921 341 1957 in
361 1927 589 1969 perpetuum
604 1919 663 1956 vel
681 1919 859 1956 inimicos
881 1919 1010 1958 tollere
1029 1919 1087 1957 vel
1107 1920 1254 1959 amicos
1273 1921 1409 1960 facere.

90 1987 292 2036 Adeoque,
322 1985 523 2023 nullodum
557 1984 763 2022 certamine
792 1984 980 2023 inclinatis
1010 1985 1162 2031 viribus,
1192 1994 1280 2036 post
1308 1987 1408 2026 Cau-

89 2051 219 2090 dinam
238 2063 375 2101 pacem
396 2050 513 2087 animi
533 2056 782 2096 mutaverant,
802 2057 843 2087 ut
863 2050 1063 2088 clariorem
1089 2051 1186 2089 inter
1206 2051 1409 2092 Romanos
1427 2070 1494 2104 470

89 2116 233 2154 deditio
261 2115 502 2154 Postumium
533 2126 649 2164 quam
683 2113 864 2151 Pontium
897 2115 1097 2154 incruenta
1124 2116 1280 2155 victoria
1312 2119 1409 2157 inter

90 2181 280 2219 Samnites
309 2180 460 2226 faceret,
481 2186 519 2217 et
546 2180 626 2229 geri
654 2191 771 2229 posse
797 2179 940 2217 bellum
966 2180 1135 2218 Romani
1162 2194 1234 2231 pro
1254 2184 1410 2223 victoria

88 2254 192 2286 certa
210 2246 406 2293 haberent,
429 2245 621 2284 Samnites
647 2245 758 2283 simul
777 2246 980 2285 rebellasse
998 2254 1037 2285 et
1055 2247 1191 2286 vicisse
1211 2249 1411 2288 crederent

89 2312 324 2351 Romanum.

733 2388 759 2419 C
