1663 2564
226 125 280 155 20
583 123 672 154 THE
703 123 910 155 CAUDINE
941 124 1183 158 DISASTER.

223 228 291 265 est,
349 221 569 260 consulibus
626 222 824 261 Tarentini
881 223 996 273 legati
1044 235 1258 268 occursare,
1307 233 1537 273 responsum

223 293 488 335 exspectantes
503 300 513 334 ;
543 288 679 337 quibus
706 288 877 338 Papirius
903 289 978 325 ait:
1008 288 1217 337 ‘Auspicia
1245 288 1414 326 secunda
1442 299 1540 332 esse,

223 349 430 397 Tarentini,
460 352 639 400 pullarius
668 353 839 391 nuntiat:
878 353 1024 390 litatum
1054 359 1250 402 praeterea
1277 358 1335 389 est
1362 352 1514 401 egregie
1530 363 1540 397 ;

143 423 204 457 535
222 415 439 453 auctoribus
468 416 550 462 diis,
571 423 612 454 ut
641 417 786 463 videtis,
811 418 861 455 ad
890 430 971 456 rem
1000 418 1210 467 gerendam
1239 415 1541 467 proficiscimur.r

223 480 342 529 Signa
360 481 449 518 inde
469 481 556 518 ferri
576 482 685 520 iussit
704 489 742 520 et
762 483 894 532 copias
914 483 1056 528 eduxit,
1073 482 1319 520 vanissimam
1338 482 1542 530 increpans

221 552 388 594 gentem,
410 558 519 595 quae,
542 558 694 584 suarum
714 547 910 596 impotens
938 559 1064 585 rerum
1084 559 1175 596 prae
1196 546 1418 584 domesticis
1442 545 1542 584 sedi-

221 610 388 648 tionibus
427 611 714 661 discordiisque,
749 613 830 650 aliis
869 613 1030 650 modum
1069 613 1174 662 pacis
1212 624 1258 650 ac
1296 612 1384 649 belli
1417 612 1542 649 facere

221 687 387 724 aequum
416 683 596 714 censeret.
656 676 845 714 Samnites
875 689 922 714 ex
952 684 1058 727 parte
1088 678 1215 723 altera,
1236 689 1355 727 quum
1384 688 1542 714 omnem

142 752 206 786 540
223 752 353 778 curam
379 741 466 778 belli
491 741 737 788 remisissent,
758 743 848 791 quia
877 749 941 780 aut
970 755 1107 792 pacem
1127 755 1214 780 vere
1243 743 1458 792 cupiebant,
1479 747 1544 778 aut

223 806 451 856 expediebat
480 806 668 852 simulare,
697 814 738 844 ut
767 807 998 846 Tarentinos
1033 808 1105 846 sibi
1136 808 1394 853 conciliarent,
1423 818 1542 856 quum

223 871 424 908 instructos
445 878 602 921 repente
629 872 679 909 ad
698 883 871 922 pugnam
892 873 1094 911 Romanos
1115 874 1418 922 conspexissent,
1440 873 1543 910 voci-

224 936 344 982 ferari,
365 948 406 974 se
426 937 465 973 in
485 937 706 975 auctoritate
722 939 1020 975 Tarentinorum
1041 951 1197 976 manere
1217 951 1289 976 nec
1310 937 1543 976 descendere

223 1001 263 1038 in
300 1001 423 1039 aciem
460 1014 534 1040 nec
567 1009 673 1040 extra
704 1003 843 1040 vallum
881 1016 987 1041 arma
1019 1003 1142 1050 ferre;
1185 1004 1369 1052 deceptos
1402 1003 1543 1052 potius,

144 1078 205 1111 545
224 1067 481 1116 quodcunque
513 1080 625 1106 casus
654 1068 757 1114 ferat,
788 1081 980 1117 passuros,
1011 1081 1127 1119 quam
1156 1077 1196 1107 ut
1225 1069 1410 1118 sprevisse
1439 1069 1545 1117 pacis

224 1139 398 1170 auctores
418 1132 654 1171 Tarentinos
673 1133 882 1171 videantur.
939 1134 1127 1183 Accipere
1154 1146 1196 1171 se
1221 1146 1338 1171 omen
1366 1133 1545 1171 consules

225 1199 329 1235 aiunt
354 1204 391 1235 et
410 1210 496 1235 eam
520 1199 666 1248 precari
692 1206 862 1237 mentem
887 1199 1072 1244 hostibus,
1093 1205 1134 1236 ut
1160 1211 1209 1236 ne
1230 1199 1369 1236 vallum
1389 1198 1543 1248 quidem

224 1262 442 1301 defendant.

719 1378 750 1409 5.
799 1367 862 1400 ‘she
886 1368 1052 1412 Revenge.

278 1458 359 1507 Ipsi
379 1458 475 1495 inter
495 1469 534 1495 se
555 1458 701 1507 partitis
722 1459 844 1508 copiis
864 1460 1078 1497 succedunt
1096 1458 1264 1496 hostium
1284 1457 1543 1504 munimentis,

145 1535 208 1567 550
225 1530 262 1561 et
290 1523 402 1561 simul
430 1523 599 1572 undique
631 1523 763 1570 adorti,
793 1537 913 1573 quum
947 1536 1034 1573 pars
1068 1524 1192 1562 fossas
1222 1523 1427 1573 explerent,
1457 1535 1545 1572 pars

225 1589 404 1627 vellerent
423 1589 560 1626 vallum
581 1595 694 1638 atque
723 1589 762 1627 in
784 1590 906 1627 fossas
936 1596 1172 1640 proruerent,
1193 1602 1264 1627 nec
1284 1590 1398 1626 virtus
1426 1588 1545 1626 modo

225 1655 348 1700 insita,
376 1654 445 1692 sed
474 1655 530 1691 ira
557 1655 673 1691 etiam
707 1655 946 1693 exulceratos
980 1655 1191 1704 ignominia
1225 1654 1432 1691 stimularet
1465 1653 1545 1690 ani·

225 1733 322 1766 mos,
343 1727 465 1757 castra
493 1720 664 1757 invasere
680 1732 690 1767 ;
723 1727 761 1758 et
788 1733 859 1770 pro
889 1733 928 1758 se
958 1720 1130 1770 quisque,
1152 1731 1230 1757 non
1259 1719 1353 1757 haec
1382 1718 1546 1756 furculas

226 1798 297 1823 nec
336 1784 526 1823 Caudium
565 1797 636 1823 nec
676 1785 793 1823 saltus
836 1786 959 1823 invios
1002 1797 1097 1831 esse,
1137 1785 1201 1822 ubi
1240 1796 1406 1822 errorem
1444 1783 1545 1821 fraus

144 1856 205 1889 555
226 1851 387 1900 superbe
416 1851 578 1896 vicisset,
604 1850 673 1888 sed
704 1850 923 1888 Romanam
952 1850 1138 1896 virtutem,
1161 1861 1278 1899 quam
1306 1862 1378 1887 nec
1406 1849 1544 1887 vallum

225 1929 297 1954 nec
322 1916 448 1954 fossae
475 1923 657 1962 arcerent,
679 1924 950 1961 memorantes,
973 1916 1138 1953 caedunt
1165 1915 1302 1964 pariter
1328 1915 1546 1952 resistentes

226 1983 422 2032 fusosque,
453 1982 619 2019 inermes
653 1988 767 2031 atque
801 1989 980 2027 armatos,
1012 1992 1153 2026 servos,
1185 1981 1335 2025 liberos,
1371 1980 1545 2029 puberes,

226 2048 414 2097 impubes,
441 2047 620 2085 homines
646 2047 891 2096 iumentaque
906 2060 916 2094 ;
947 2059 1018 2084 nec
1045 2047 1163 2084 ullum
1193 2045 1438 2095 superfuisset
1467 2045 1547 2083 ani-

226 2113 314 2158 mal,
336 2114 373 2150 ni
395 2113 573 2150 consules
599 2113 765 2162 receptui
787 2113 941 2161 signum
964 2111 1157 2149 dedissent
1183 2111 1391 2159 avidosque
1418 2111 1546 2148 caedis

147 2182 209 2222 560
226 2179 363 2215 milites
384 2191 404 2215 e
425 2178 556 2215 castris
583 2177 750 2215 hostium
771 2177 931 2227 imperio
959 2190 1003 2215 ac
1030 2177 1142 2214 minis
1168 2176 1413 2226 expulissent.
1471 2175 1546 2213 Ita-

226 2258 300 2295 que
335 2244 439 2293 apud
471 2243 643 2281 infensos
678 2244 730 2281 ob
762 2243 1038 2293 interpellatam
1070 2242 1312 2280 dulcedinem
1347 2242 1422 2278 irae
1453 2253 1546 2279 con·

226 2311 350 2349 sestim
376 2309 497 2347 oratio
524 2308 653 2346 habita
674 2316 740 2353 est,
763 2316 801 2346 ut
823 2309 1022 2347 doceretur
1042 2308 1159 2353 miles,
1181 2307 1339 2346 minime
1365 2307 1544 2357 cuiquam
