1663 2564
214 106 266 148 16
571 114 661 146 THE
692 114 745 145 cA
754 90 899 145 ὐυιΝΕ
929 114 1171 150 orsas-TER.

209 214 356 252 iniussu
383 213 515 263 populi
543 214 712 252 Romani
739 214 943 261 Quiritium
973 215 1107 253 foedus
1137 216 1253 253 ictum
1281 215 1324 253 iri
1353 225 1524 264 spopon-

127 294 164 325 4¹
173 292 189 324 5
209 279 345 317 derunt
372 285 487 327 atque
515 279 567 317 ob
593 291 678 317 eam
707 292 788 317 rem
816 292 959 318 noxam
987 287 1212 325 nocuerunt,
1238 280 1290 317 ob
1319 292 1404 317 eam
1432 291 1524 325 rem,

210 356 286 394 quo
326 344 494 393 populus
533 343 736 382 Romanus
779 345 921 383 scelere
962 345 1082 395 impio
1125 345 1172 382 sit
1210 345 1367 390 solutus,
1407 344 1525 382 hosce

208 409 385 446 homines
407 409 516 447 vobis
543 409 668 447 dedo?
726 409 837 448 Haec
864 410 1004 448 dicenti
1032 410 1146 447 fetiali
1175 409 1395 447 Postumius
1422 421 1526 458 genu

209 473 342 520 femur,
363 479 506 522 quanta
531 475 696 512 maxime
724 482 872 525 poterat
897 475 943 521 vi,
963 475 1133 524 perculit,
1155 481 1192 512 et
1218 474 1318 512 clara
1337 485 1432 512 voce
1461 474 1524 519 ait,

210 550 250 576 se
272 538 484 576 Samnitem
506 540 628 577 civem
653 552 749 587 esse,
768 540 874 578 illum
902 540 1070 589 legatum
1097 539 1263 578 fetialem
1289 551 1311 576 a
1331 551 1371 577 se
1392 545 1527 577 contra

128 616 192 645 420
209 604 266 642 ius
299 604 472 653 gentium
504 605 708 652 violatum3
749 617 796 644 eo
829 606 962 643 iustius
994 605 1136 643 bellum
1168 611 1355 654 gesturos.
1419 603 1526 642 Tum

210 670 369 708 Pontius
393 673 402 689 ‘
419 669 504 708 Nec
532 682 607 720 ego
635 671 746 708 istam
775 671 1009 709 deditionem
1039 670 1244 720 accipiam'
1270 670 1403 720 inquit,
1428 673 1436 689 ‘
1453 682 1525 709 nec

210 734 401 772 Samnites
429 742 551 773 ratam
579 735 782 774 habebunt.
851 735 956 783 Quin
985 743 1037 782 tu,
1068 735 1131 785 Sp.
1158 735 1342 782 Postumi,
1372 736 1403 773 si
1432 735 1526 773 deos

209 813 295 839 esse
321 813 466 844 censes,
488 808 555 839 aut
573 803 704 839 omnia
729 803 830 840 irrita
853 801 946 839 facis
972 809 1036 839 aut
1061 808 1175 851 pacto
1202 802 1308 840 stas?
1365 800 1525 839 Samniti

209 866 356 916 populo
389 878 538 913 omnes,
573 879 671 917 quos
705 867 744 904 in
777 873 965 916 potestate
997 866 1140 913 habuit,
1173 873 1236 904 aut
1268 877 1339 916 pro
1372 866 1416 904 iis
1449 878 1525 915 pax

129 942 192 973 425
211 932 383 969 debetur.
441 932 518 970 Sed
548 933 639 982 quid
674 945 747 982 ego
781 939 818 970 te
852 931 1016 981 appello,
1048 932 1112 981 qui
1143 937 1181 969 te
1211 938 1366 980 captum
1394 931 1526 968 victori

212 1009 300 1034 cum
320 1009 397 1047 qua
418 1003 529 1046 potes
558 997 633 1034 fide
662 997 852 1035 restituis?
909 997 1101 1046 Populum
1121 996 1344 1034 Romanum
1363 996 1526 1046 appello,

212 1074 328 1111 quem
362 1063 394 1100 si
426 1062 649 1112 sponsionis
683 1063 731 1100 ad
760 1061 942 1100 Furculas
971 1061 1167 1100 Caudinas
1195 1061 1316 1099 factae
1347 1062 1526 1111 paenitet,

211 1128 380 1165 restituat
402 1127 574 1177 legiones
599 1128 699 1165 intra
724 1127 874 1173 saltum,
895 1139 972 1177 quo
999 1134 1153 1176 saeptae
1180 1126 1341 1165 fuerunt.
1398 1126 1528 1164 Nemo

213 1204 448 1242 quemquam
486 1192 702 1242 deceperit;
747 1193 878 1230 omnia
915 1204 985 1241 pro
1023 1192 1164 1230 infecto
1204 1192 1303 1238 sint;
1345 1192 1530 1242 recipiant

132 1272 197 1304 430
214 1271 330 1304 arma,
364 1269 463 1308 quae
496 1270 564 1307 per
593 1258 812 1307 pactionem
846 1257 1104 1304 tradiderunt;
1143 1258 1301 1295 redeant
1333 1257 1372 1294 in
1406 1264 1530 1295 castra

214 1335 304 1369 sua;
349 1323 531 1373 quicquid
563 1324 684 1373 pridie
722 1323 944 1368 habuerunt,
979 1335 1096 1373 quam
1133 1323 1172 1360 in
1206 1323 1439 1373 colloquium
1471 1330 1528 1361 est

213 1395 378 1436 ventum,
412 1389 602 1435 habeant;
643 1395 725 1426 tum
757 1389 898 1426 bellum
931 1395 970 1427 et
1002 1388 1114 1426 fortia
1147 1388 1306 1426 consilia
1338 1389 1526 1438 placeant,

213 1462 295 1492 tum
320 1454 479 1504 sponsio
506 1461 543 1492 et
568 1467 643 1504 pax
672 1455 903 1505 repudietur.
958 1454 1016 1492 Ea
1044 1457 1206 1500 fortuna,
1227 1454 1272 1492 iis
1301 1454 1407 1500 locis,
1428 1466 1528 1504 quae

214 1527 300 1557 ante
327 1520 434 1570 pacis
461 1520 697 1558 mentionem
722 1520 936 1566 habuimus,
957 1532 1134 1569 geramus
1162 1519 1303 1558 bellum
1318 1532 1327 1567 ;
1357 1531 1430 1557 nec
1458 1531 1528 1570 po-

135 1604 151 1632 4
159 1600 196 1632 35
215 1586 327 1635 pulus
345 1585 548 1624 Romanus
568 1586 768 1624 consulum
795 1586 1043 1635 sponsionem
1062 1598 1134 1623 nec
1159 1597 1232 1623 nos
1262 1586 1377 1623 fidem
1396 1585 1529 1635 populi

215 1651 383 1689 Romani
420 1663 656 1689 accusemus.
722 1651 984 1701 Nunquamne
1022 1663 1138 1689 causa
1176 1651 1299 1697 defiet,
1339 1664 1406 1689 cur
1442 1653 1528 1689 victi

216 1724 328 1768 pacto
359 1729 439 1756 non
471 1717 606 1755 stetis?
668 1716 834 1755 Obsides
869 1717 1078 1755 Porsinnae
1112 1717 1292 1762 dedistis;
1331 1717 1430 1755 furto
1461 1729 1529 1756 eos

215 1782 459 1821 subduxistis.
517 1782 623 1820 Auro
647 1782 837 1820 civitatem
863 1795 886 1819 a
906 1781 1026 1820 Gallis
1051 1781 1265 1820 redemistis
1279 1796 1288 1829 ;
1318 1783 1413 1820 inter
1432 1783 1529 1821 acci-

214 1848 399 1897 piendum
427 1859 563 1886 aurum
583 1848 684 1885 caesi
713 1855 810 1885 sunt.
868 1847 1009 1886 Pacem
1038 1848 1240 1885 nobiscum
1260 1849 1467 1898 pepigistis,
1488 1855 1529 1887 ut

134 1929 198 1960 440
215 1915 388 1963 legiones
425 1913 534 1951 vobis
571 1919 703 1963 captas
740 1914 1049 1959 restitueremus;
1091 1926 1176 1951 earn
1214 1926 1348 1962 pacem
1387 1914 1528 1953 irritam

216 1979 348 2017 facitis.
404 1977 454 2017 Et
482 1990 634 2028 semper
661 1979 827 2028 aliquam
856 1978 977 2016 fraudi
1007 1979 1174 2028 speciem
1202 1979 1292 2016 iuris
1320 1980 1526 2029 imponitis.

216 2045 308 2083 Non
340 2045 477 2094 probat
509 2044 675 2094 populus
706 2044 907 2082 Romanus
940 2044 1199 2093 ignominiosa
1230 2056 1326 2093 pace
1358 2045 1530 2095 legiones

216 2111 410 2148 servatas?
465 2109 605 2147 Pacem
634 2109 704 2147 sibi
733 2109 881 2153 habeat,
906 2109 1077 2158 legiones
1105 2116 1235 2158 captas
1264 2110 1394 2147 victori
1422 2112 1530 2149 resti-

216 2183 319 2221 tuat;
352 2175 427 2213 hoc
460 2175 546 2220 fide,
580 2174 655 2213 hoc
693 2174 922 2220 foederibus,
957 2176 1031 2212 hoc
1066 2173 1252 2212 fetialibus
1290 2176 1530 2215 caerimoniis

136 2253 195 2283 445
216 2242 375 2290 (lignum
409 2247 498 2278 erat.
555 2239 607 2278 Ut
640 2240 795 2289 quidem
828 2247 879 2285 tu,
911 2240 1015 2289 quod
1048 2240 1174 2289 petisti
1204 2252 1272 2289 per
1302 2241 1529 2289 pactionem,

216 2306 370 2354 habeas,
391 2312 446 2344 tot
466 2307 566 2345 cives
586 2306 808 2352 incolumes,
829 2318 903 2355 ego
924 2317 1071 2355 pacem,
1092 2317 1209 2355 quam
1228 2305 1299 2343 hos
1319 2306 1385 2344 tibi
1404 2307 1532 2345 remit-
