1663 2564
270 129 343 162 ΙΙΙ.
407 129 498 161 THE
527 128 724 161 RETURN
753 129 810 160 ΟΡ
844 129 933 161 THE
962 129 1252 169 CONQUERED.
1371 130 1422 174 15

102 235 172 275 est,
189 229 229 266 in
257 229 308 275 id,
328 230 435 279 quod
462 235 654 279 praestare
683 241 902 280 possumus,
923 241 1088 280 corpora
1115 236 1249 268 nostra
1275 235 1313 267 et
1341 229 1421 267 ani-

102 306 215 341 mos;
243 294 285 332 in
308 295 403 333 haee
431 295 612 340 saeviant,
632 295 671 332 in
690 294 785 333 haec
805 295 958 341 serrum,
978 296 1018 332 in
1046 295 1142 333 haec
1169 295 1244 333 iras
1269 300 1421 333 acuant.

103 358 224 406 Quod
250 359 300 397 ad
325 360 500 398 tribunos
525 361 671 406 attinet,
691 360 889 405 consulite,
910 367 1038 398 utrum
1066 372 1249 410 praesens
1277 359 1421 398 deditio

102 436 238 462 eorum
270 425 350 463 fieri
382 426 506 475 possit
538 437 589 463 an
621 425 661 462 in
692 425 794 463 diem
825 425 1042 472 differatur;
1076 437 1150 463 nos
1180 425 1342 471 interim,
1372 425 1421 462 T.
1440 438 1504 472 390

102 489 236 528 Veturi
268 502 413 541 vosque
446 491 574 536 ceteri,
605 490 692 528 vilia
724 490 820 528 haec
857 491 984 540 capita
1019 490 1182 528 luendae
1221 490 1422 540 sponsioni

103 555 282 604 seramus,
310 562 349 594 et
376 562 510 594 nostro
538 555 727 607 supplicio
756 555 961 594 liberemus
990 555 1171 594 Romana
1199 555 1328 594 arma.'

392 730 426 763 7.
473 722 538 756 ‘The
561 721 678 756 Senate
701 720 825 756 decides
850 734 889 756 on
914 720 1131 767 repudiation.

156 812 282 853 Movit
313 820 441 864 patres
474 814 714 863 conscriptos
747 826 867 864 quum
899 826 1026 860 causa,
1057 820 1139 852 tum
1173 819 1317 860 auctor,
1349 826 1422 853 nec

54 907 58 910 -
101 885 251 919 ceteros
279 879 416 926 solum,
445 879 514 918 sed
541 879 713 917 tribunos
742 880 857 916 etiam
887 879 1023 928 plebei,
1053 887 1095 917 ut
1125 891 1167 918 se
1196 880 1236 917 in
1266 888 1422 918 senatus

101 945 271 983 dicerent
292 944 374 983 fore
397 951 595 995 potestate.
653 943 881 993 magistratu
908 944 998 982 inde
1024 956 1065 982 se
1091 945 1285 994 extemplo
1314 945 1420 983 abdi·
1441 963 1501 997 395

101 1016 294 1056 caverunt,
313 1010 514 1060 traditique
542 1009 730 1048 fetialibus
759 1021 848 1047 cum
874 1011 1009 1048 ceteris
1031 1009 1221 1048 Caudium
1245 1011 1421 1049 ducendi.

103 1074 195 1114 Hoc
223 1081 378 1113 senatus
407 1074 584 1113 consulto
616 1074 718 1112 facto
751 1074 815 1112 lux
847 1075 1037 1125 quaedam
1067 1075 1254 1114 affulsisse
1284 1076 1423 1114 civitati

101 1141 183 1180 visa
207 1147 276 1179 est.
332 1139 552 1178 Postumius
579 1140 618 1177 in
643 1151 711 1177 ore
738 1147 816 1177 erat
831 1152 841 1186 ;
873 1152 962 1178 eum
990 1140 1166 1179 laudibus
1195 1141 1244 1179 ad
1274 1141 1422 1179 caelum

103 1206 286 1252 serebant,
307 1205 502 1244 devotioni
530 1205 571 1244 P.
591 1204 702 1243 Decii
731 1205 911 1250 consulis,
938 1205 1020 1243 aliis
1049 1205 1158 1244 claris
1187 1206 1421 1245 facinoribus

102 1271 340 1322 aequabant:
370 1270 572 1308 emersisse
598 1269 788 1307 civitatem
811 1281 860 1307 ex
883 1270 1053 1308 obnoxia
1077 1283 1174 1320 pace
1202 1271 1300 1309 illius
1327 1284 1421 1310 con·
1440 1284 1503 1315 ⁴00

102 1336 188 1374 silio
210 1341 250 1374 et
267 1346 408 1385 opera;
437 1335 566 1385 ipsum
592 1345 632 1372 se
662 1334 890 1372 cruciatibus
918 1341 955 1373 et
982 1335 1149 1373 hostium
1178 1336 1256 1374 irae
1284 1337 1423 1376 offerre

103 1401 329 1452 piaculaque
356 1410 429 1449 pro
457 1399 606 1449 populo
635 1398 817 1436 Romano
846 1399 946 1438 dare.
1007 1401 1127 1438 Arma
1156 1402 1284 1440 cuncti
1313 1415 1422 1452 spec-

103 1474 186 1505 tant
217 1472 255 1504 et
284 1464 450 1503 bellum:
483 1477 534 1502 en
563 1476 736 1516 unquam
767 1464 948 1512 futurum,
979 1472 1019 1504 ut
1049 1467 1234 1517 congredi
1267 1469 1421 1507 armatis

103 1543 194 1571 cum
222 1530 394 1570 Samnite
421 1529 559 1568 liceat?

295 1698 326 1732 8.
376 1694 578 1729 Postumius’
598 1695 751 1741 puerility
774 1696 846 1730 and
868 1695 1016 1730 Pontius’
1035 1697 1229 1742 generosity.

153 1791 202 1829 In
233 1789 382 1828 civitate
416 1789 470 1827 ira
502 1788 671 1838 odioque
703 1788 859 1827 ardente
889 1789 1059 1828 delectus
1091 1803 1213 1841 prope
1245 1792 1418 1830 omnium
1437 1807 1500 1840 405

101 1855 402 1894 voluntariorum
435 1854 529 1901 suit;
567 1855 775 1903 rescriptae
808 1867 855 1892 ex
889 1855 1028 1893 eodem
1062 1856 1179 1893 milite
1212 1869 1335 1895 novae
1368 1858 1420 1895 le-

100 1922 247 1972 giones,
268 1920 483 1969 ductusque
502 1918 551 1957 ad
572 1918 764 1957 Caudium
784 1920 983 1957 exercitus.
1040 1920 1258 1970 Praegressi
1278 1921 1422 1961 fetiales

99 1987 165 2025 ubi
203 1986 253 2024 ad
289 1992 442 2036 portam
474 1996 624 2031 venere,
658 1992 803 2022 vestem
841 1985 987 2022 detrahi
1025 1986 1132 2035 pacis
1169 1988 1421 2036 sponsoribus

99 2052 243 2098 iubent,
271 2061 411 2088 manus
439 2057 528 2100 post
556 2056 706 2099 tergum
735 2050 875 2088 vinciri.
934 2049 1067 2097 Quum
1097 2052 1288 2101 apparitor
1315 2065 1420 2091 vere-

100 2117 241 2158 cundia
272 2116 480 2154 maiestatis
513 2115 700 2153 Postumii
733 2115 818 2154 laxe
848 2116 1016 2162 vinciret,
1048 2116 1176 2163 ‘Quin
1207 2117 1270 2155 tu'
1299 2119 1419 2169 inquit
1438 2127 1502 2157 4¹0

100 2187 111 2204 ‘
126 2182 285 2222 adducis
310 2182 446 2228 lorum,
466 2188 508 2219 ut
531 2181 629 2218 iusta
649 2180 713 2218 fiat
732 2181 874 2219 deditio
889 2181 918 2218 ?'
978 2181 1083 2219 Tum
1106 2183 1171 2220 ubi
1198 2183 1237 2220 in
1264 2191 1419 2222 coetum

101 2247 331 2288 Samnitium
362 2253 401 2285 et
433 2246 484 2285 ad
514 2245 678 2284 tribunal
705 2254 860 2284 ventum
890 2246 1015 2284 Pontii
1045 2254 1112 2294 est,
1142 2248 1188 2285 A.
1217 2248 1418 2288 Cornelius

100 2314 245 2354 Arvina
271 2313 407 2352 fetialis
434 2314 487 2351 ita
513 2313 630 2350 verba
657 2311 769 2350 fecit:
800 2311 1073 2364 ‘Quandoque
1105 2312 1210 2352 hisce
1241 2313 1419 2353 homines
