1663 2564
225 108 249 138 2
583 103 672 135 THE
703 101 908 133 CAUDINE
939 100 1179 136 DISASTER.

223 203 298 240 iarn
328 202 406 240 sato
435 201 675 248 dedidimus3
714 201 817 238 bona
850 212 995 246 eorum,
1026 213 1074 238 ne
1105 199 1196 250 quid
1226 212 1274 238 ex
1304 200 1538 251 contagione

222 278 347 304 noxae
385 273 597 304 remaneret
633 277 754 315 penes
791 277 876 311 nos,
911 264 1078 302 Romam
1116 266 1362 314 portavimus.
1432 266 1538 313 Quid

222 332 319 369 ultra
348 332 426 377 tibi,
457 331 646 376 Romane,
675 329 768 379 quid
796 329 951 374 foederi,
977 329 1069 378 quid
1097 329 1168 367 diis
1197 329 1346 368 arbitris
1373 330 1538 369 foederis

224 396 376 433 debeo?
433 394 560 441 Quem
589 395 655 432 tibi
684 401 835 431 tuarum
868 394 1020 439 irarum,
1049 405 1165 442 quem
1193 406 1368 432 meorum
1397 395 1539 444 suppli-

167 474 207 496 20
224 461 369 498 ciorum
399 460 563 497 iudicem
592 459 738 497 feram?
796 457 1004 495 Neminem
1034 470 1160 508 neque
1193 459 1381 508 populum
1413 471 1539 508 neque

223 525 409 574 privatum
428 524 543 573 fugio.
603 523 721 570 Quod
747 524 779 562 si
804 523 895 560 nihil
921 535 1009 561 cum
1035 524 1251 572 potentiore
1274 524 1364 562 iuris
1382 523 1540 562 humani

223 589 444 639 relinquitur
463 589 582 638 inopi,
603 596 640 626 at
660 601 735 638 ego
756 589 805 626 ad
825 588 920 626 deos
939 587 1108 626 vindices
1129 588 1390 626 intolerandae
1409 601 1540 638 super-

223 655 308 692 biae
341 653 564 703 confugiam
597 661 634 691 et
667 654 866 703 precabor,
899 658 944 690 ut
977 653 1051 690 iras
1085 665 1174 691 suas
1206 660 1354 691 vertant
1386 654 1426 691 in
1459 666 1539 700 eos,

223 720 360 769 quibus
383 730 464 756 non
484 730 575 756 suae
599 718 768 756 redditae
792 730 864 764 res,
884 729 965 755 non
991 717 1136 755 alienae
1162 718 1424 756 accumulatae
1450 719 1540 757 satis

164 798 203 830 ²5
223 785 321 831 sint;
359 795 525 833 quorum
559 783 752 821 saevitiam
785 795 865 820 non
897 794 1003 820 mors
1035 783 1253 829 noxiorum,
1284 795 1364 821 non
1397 783 1539 822 deditio

223 849 527 886 exanimatorum
557 860 775 898 corporum,
796 859 877 885 non
902 849 1006 885 bona
1034 848 1232 897 sequentia
1260 847 1407 885 domini
1434 848 1538 886 dedi-

221 914 367 951 tionem
404 914 589 951 exsatient
601 925 611 960 ;
645 913 786 962 placari
819 918 1023 963 nequeant,
1058 912 1131 950 nisi
1164 912 1418 950 hauriendum
1451 925 1540 951 san-

222 981 379 1029 guinem
412 979 667 1029 laniandaque
696 979 840 1016 viscera
870 983 1002 1015 nostra
1034 977 1335 1027 praebuerimus.
1391 978 1541 1016 Iustum

223 1052 280 1083 est
298 1045 452 1090 bellum,
468 1043 669 1089 Samnites,
686 1043 825 1092 quibus
844 1042 1116 1087 necessarium,
1132 1049 1169 1079 et
1187 1043 1251 1091 pia
1271 1054 1387 1089 arma,
1403 1043 1541 1092 quibus

163 1124 205 1154 30
221 1110 324 1147 nulla
351 1110 423 1147 nisi
451 1110 490 1146 in
519 1109 634 1146 armis
661 1108 883 1157 relinquitur
910 1119 1011 1157 spes.
1068 1107 1246 1154 Proinde,
1267 1119 1386 1157 quum
1414 1119 1541 1146 rerum

221 1176 474 1214 humanarum
502 1175 714 1212 maximum
742 1180 984 1212 momentum
1012 1173 1071 1220 sit,
1100 1185 1217 1223 quam
1246 1173 1419 1223 propitiis
1447 1186 1541 1220 rem,

221 1255 338 1292 quam
376 1241 542 1279 adversis
580 1246 697 1289 agant
730 1240 813 1286 diis,
846 1251 918 1288 pro
955 1246 1060 1277 certo
1097 1239 1247 1284 habete,
1280 1240 1408 1288 priora
1443 1239 1543 1277 bella

222 1308 401 1345 adversus
440 1306 534 1343 deos
571 1306 695 1354 magis
734 1317 850 1355 quam
887 1305 1065 1343 homines
1101 1305 1279 1355 gessisse,
1314 1304 1402 1353 hoc,
1435 1305 1542 1356 quod

220 1373 347 1418 instat,
368 1371 529 1410 ducibus
548 1370 640 1421 ipsis
660 1370 731 1408 diis
751 1369 952 1419 gesturos!

561 1524 593 1547 2.
643 1513 837 1557 Stratagem
863 1512 907 1556 of
922 1512 1027 1547 Gaius
1052 1512 1200 1547 Pontius.

165 1618 204 1650 35
277 1594 388 1632 Haec
426 1605 505 1632 non
542 1593 640 1631 laeta
675 1593 798 1643 magis
831 1605 950 1643 quam
982 1605 1072 1631 vera
1104 1592 1342 1639 vaticinatus,
1374 1592 1540 1631 exercitu

223 1661 372 1705 educto,
410 1659 511 1697 circa
549 1658 742 1696 Caudium
780 1666 913 1703 castra,
948 1670 1065 1708 quam
1102 1665 1231 1708 potest
1268 1658 1541 1706 occultissime,

222 1727 333 1764 locat.
390 1724 486 1762 Inde
506 1723 555 1761 ad
575 1723 772 1769 Calatiam,
794 1724 860 1762 ubi
879 1725 954 1761 iarn
974 1724 1154 1762 consules
1174 1723 1378 1762 Romanos
1400 1730 1541 1763 castra-

222 1803 297 1841 que
330 1802 414 1828 esse
452 1789 641 1835 audiebat,
674 1789 812 1827 milites
846 1789 982 1827 decern
1014 1796 1214 1838 pastorum
1246 1789 1379 1827 habitu
1415 1790 1539 1836 mittit,

223 1867 441 1905 pecoraque
470 1855 651 1901 diversos,
672 1855 788 1892 alium
817 1855 917 1901 alibi,
941 1854 1043 1892 haud
1071 1854 1208 1904 procul
1236 1854 1424 1893 Romanis
1451 1867 1539 1905 pas·

164 1937 207 1968 40
223 1933 309 1959 cere
334 1920 437 1957 iubet
460 1920 680 1969 praesidiis;
710 1920 775 1957 ubi
801 1919 1002 1958 inciderint
1027 1920 1066 1957 in
1092 1919 1350 1969 praedatores,
1370 1926 1412 1958 ut
1436 1920 1539 1958 idem

224 1987 402 2024 omnibus
428 1996 555 2023 sermo
581 1991 740 2031 constet,
761 1984 932 2034 legiones
961 1985 1187 2023 Samnitium
1212 1985 1252 2022 in
1277 1985 1417 2035 Apulia
1442 1997 1539 2032 esse,

224 2051 425 2090 Luceriam
455 2050 636 2088 omnibus
665 2050 786 2099 copiis
816 2050 1106 2096 circumsedere,
1129 2062 1201 2088 nec
1230 2050 1363 2100 procul
1392 2051 1538 2098 abesse,

223 2118 315 2166 quin
335 2117 369 2152 vi
389 2116 551 2165 capiant.
610 2114 693 2152 Iam
716 2115 748 2152 is
772 2121 809 2152 et
834 2127 965 2153 rumor
984 2121 1069 2153 ante
1090 2115 1138 2153 de
1164 2115 1348 2153 industria
1367 2116 1541 2165 mlgatus

224 2188 377 2220 venerat
402 2180 451 2218 ad
479 2180 692 2225 Romanos,
714 2180 782 2218 sed
808 2180 921 2217 fidem
949 2192 1088 2219 auxere
1115 2181 1267 2231 captivi,
1287 2192 1335 2219 eo
1362 2182 1540 2228 maxime,

166 2263 204 2293 45
224 2248 328 2299 quod
349 2258 474 2284 sermo
496 2247 591 2283 intcr
610 2258 745 2284 omnes
765 2246 1014 2295 congruebat.
