1663 2564
209 122 262 154 10
564 118 655 151 THE
686 118 897 151 CAUDINE
925 116 1164 149 DISASTER.

576 285 608 308 ε.
657 273 785 319 Ofillius
811 273 989 308 Calavius’
1015 284 1155 318 augury.

260 370 420 410 Postero
453 372 513 410 die
547 372 701 410 iuvenes
735 371 895 418 nobiles,
926 371 1032 409 missi
1065 383 1088 409 a
1121 369 1266 418 Capua,
1289 375 1329 406 ut
1352 367 1523 416 proficis-

205 444 336 476 centes
383 436 433 474 ad
481 437 597 474 finem
635 436 879 486 Campanum
916 441 1245 486 prosequerentur,
1278 436 1522 475 reverterunt,

206 502 407 551 vocatique
441 501 481 538 in
511 501 654 539 curiam
685 501 999 550 percontantibus
1030 499 1237 538 maioribus
1271 503 1373 542 natu,
1403 494 1523 533 multo

208 566 280 604 sibi
309 566 531 604 maestiores
561 573 598 604 et
628 566 844 604 abiectioris
875 565 992 603 animi
1019 565 1133 611 visos,
1162 563 1391 601 retulerunt:
1425 559 1524 598 adeo

129 644 191 676 240
207 630 321 668 silens
354 643 400 670 ac
428 642 551 680 prope
584 637 732 668 mutum
764 642 905 680 agmen
934 630 1162 675 incessisse;
1200 628 1324 666 iacere
1354 625 1524 663 indolem

205 695 310 733 illam
339 695 571 742 Romanam,
601 697 826 746 ablatosque
856 708 944 734 cum
975 696 1089 733 armis
1119 694 1295 740 animos;
1330 703 1411 730 non
1439 689 1526 728 red-

207 761 296 799 dere
323 761 484 799 salutem
508 761 768 806 salutantibus,
791 773 871 798 non
898 760 988 798 dare
1014 771 1256 809 responsum,
1276 770 1357 796 non
1379 756 1526 794 hiscere

206 838 442 876 quemquam
473 838 564 876 prae
597 833 703 864 metu
735 826 917 877 potuisse,
948 832 1130 875 tanquam
1161 823 1369 861 ferentibus
1399 820 1525 859 adhue

207 892 415 930 cervicibus
441 892 585 941 iugum,
607 893 678 929 sub
698 891 803 941 quod
832 891 960 929 emissi
988 896 1116 929 essent
1133 902 1144 936 3
1173 889 1314 926 habere
1336 887 1526 925 Samnites

131 969 191 1003 ²45
207 957 404 995 victoriam
441 969 522 995 non
560 956 794 1007 praeclaram
837 956 973 1002 solum,
1012 955 1080 993 sed
1118 955 1232 992 etiam
1269 959 1525 1002 perpetuam;

208 1022 355 1072 cepisse
380 1022 485 1060 enim
511 1033 579 1060 eos
607 1033 688 1059 non
715 1021 896 1067 Romam,
917 1021 1014 1059 sicut
1039 1026 1127 1057 ante
1153 1018 1299 1064 Gallos,
1321 1018 1401 1064 sed,
1422 1017 1527 1068 quod

208 1088 328 1126 multo
365 1088 584 1126 bellicosius
622 1087 742 1133 suerit,
782 1087 1003 1124 Romanam
1040 1085 1216 1122 virtutem
1254 1083 1525 1133 ferociamque.

209 1153 343 1199 Quum
371 1152 466 1190 haec
495 1152 710 1190 dicerentur
738 1151 1043 1201 audirenturque,
1067 1157 1105 1188 et
1134 1149 1374 1199 deploratum
1402 1159 1526 1197 paene

210 1217 433 1255 Romanum
451 1229 596 1255 nomen
615 1217 654 1254 in
674 1217 837 1255 concilio
857 1217 1049 1255 sociorum
1071 1215 1240 1253 fidelium
1260 1221 1371 1260 esset,
1392 1213 1528 1251 dicitur

130 1282 359 1324 2500fi11ius
396 1282 574 1321 Calavius
608 1282 694 1321 Ovii
732 1283 841 1328 filius,
875 1282 997 1320 clarus
1034 1293 1175 1331 genere
1213 1280 1411 1330 factisque,
1445 1286 1527 1316 tum

209 1349 323 1386 etiam
353 1355 476 1386 aetate
504 1347 701 1393 verendus,
731 1348 847 1397 longe
876 1347 982 1384 aliter
1011 1358 1052 1385 se
1081 1346 1222 1384 habere
1250 1357 1332 1383 rem
1362 1345 1526 1382 dixisse:

210 1413 400 1452 silentium
423 1413 514 1451 illud
532 1413 767 1452 obstinatum
791 1413 965 1462 fixosque
994 1412 1034 1449 in
1059 1418 1198 1450 terram
1223 1410 1358 1449 oculos
1384 1418 1422 1448 et
1447 1422 1528 1448 sur-

210 1479 279 1517 das
317 1479 366 1517 ad
403 1479 535 1517 omnia
571 1478 706 1516 solatia
742 1489 852 1516 aures
890 1485 927 1516 et
963 1477 1152 1528 pudorem
1190 1475 1396 1514 intuendae
1433 1475 1528 1514 lucis

209 1545 406 1594 ingentem
434 1544 576 1582 molem
606 1544 746 1581 irarum
775 1555 822 1581 ex
851 1543 928 1581 alto
957 1543 1074 1580 animi
1103 1542 1236 1580 cientis
1263 1541 1404 1580 indicia
1430 1553 1527 1580 esse.

132 1619 191 1652 255
210 1610 288 1648 Aut
317 1609 498 1648 Romana
525 1621 567 1647 se
595 1609 771 1658 ignorare
800 1608 964 1658 ingenia,
988 1615 1053 1646 aut
1080 1607 1272 1646 silentium
1300 1607 1392 1645 illud
1422 1606 1529 1645 Sam-

210 1675 350 1713 nitibus
376 1675 520 1713 flebiles
539 1675 643 1712 brevi
670 1675 858 1712 clamores
882 1674 1124 1724 gemitusque
1144 1673 1406 1718 excitaturum,
1427 1671 1528 1711 Cau-

210 1741 400 1791 dinaeque
433 1740 540 1790 pacis
573 1739 767 1790 aliquanto
803 1738 1038 1777 Samnitibus
1071 1750 1187 1788 quam
1221 1737 1410 1776 Romanis
1447 1738 1528 1776 tris-

211 1807 346 1844 tiorem
366 1805 594 1844 memoriam
613 1804 716 1851 fore;
739 1804 882 1854 quippe
904 1816 994 1842 suos
1014 1816 1206 1854 quemque
1226 1815 1360 1841 eorum
1380 1803 1530 1842 animos

209 1871 437 1917 habiturum,
458 1871 674 1921 ubicunque
695 1870 938 1919 congressuri
961 1870 1055 1917 sint;
1088 1869 1206 1907 saltus
1226 1868 1424 1908 Caudinos
1450 1881 1528 1907 non

130 1939 193 1972 260
211 1938 350 1987 ubique
372 1937 605 1975 Samnitibus
624 1937 718 1975 fore.

577 2086 608 2118 3.
657 2075 747 2109 How
773 2075 874 2109 Rome
898 2073 1041 2108 receives
1066 2074 1166 2108 them.

264 2173 346 2211 Iam
381 2172 531 2211 Romae
570 2174 685 2211 etiam
723 2185 791 2211 sua
827 2172 978 2210 infamis
1013 2171 1140 2209 clades
1173 2177 1265 2209 erat.
1335 2169 1529 2210 Obsessos

208 2239 375 2289 primum
396 2239 619 2285 audierunt;
651 2239 789 2276 tristior
810 2238 948 2276 deinde
968 2237 1250 2287 ignominiosae
1270 2237 1377 2285 pacis
1404 2238 1529 2286 magis

209 2315 325 2353 quam
353 2303 507 2353 periculi
536 2304 692 2341 nuntius
721 2303 798 2340 suit.
855 2303 918 2340 Ad
948 2302 1090 2340 samam
1118 2301 1331 2340 obsidionis
1361 2302 1528 2341 delectus
