1663 2564
203 99 228 140 8
562 110 651 142 THE
683 111 737 142 cA
749 112 892 142 UDJNE
921 111 1161 142 DISASTER.

201 208 506 257 spoponderunt,
542 217 704 257 exstant,
737 211 813 256 ubi,
849 211 880 248 si
918 223 965 248 ex
999 210 1152 248 foedere
1191 217 1276 248 acta
1310 223 1371 248 res
1407 217 1517 257 esset,

201 279 469 322 praeterquam
490 274 654 312 duorum
673 275 856 313 fetialium
876 288 956 313 non
976 281 1191 321 exstarent;
1222 281 1260 312 et
1278 282 1434 325 propter
1453 288 1518 313 ne-

125 346 183 388 185
202 335 405 373 cessariam
430 335 596 374 foederis
617 337 839 375 dilationem
859 337 1012 375 obsides
1039 337 1153 374 etiam
1180 338 1349 374 sexcenti
1372 339 1519 386 equites

202 400 387 449 imperati,
408 401 473 450 qui
493 402 615 451 capite
641 402 799 448 luerent,
821 402 852 440 si
878 409 992 451 pacto
1018 414 1099 439 non
1118 409 1288 440 staretur.
1321 403 1519 452 .Tempus

200 465 290 502 inde
321 471 503 503 statutum
534 466 728 505 tradendis
762 466 960 505 obsidibus
991 467 1236 517 exercituque
1268 467 1403 505 inermi
1433 467 1518 505 mit-

201 529 330 567 tendo.

406 652 440 688 6.
488 652 542 686 No
566 653 674 686 Insult
697 665 808 687 worse
833 654 914 687 than
939 667 983 688 an
1009 654 1160 698 Enemy’s
1186 656 1310 699 Mercy.

257 744 545 794 Redintegravit
569 745 714 782 luctum
738 745 777 782 in
797 746 929 783 castris
953 746 1156 784 consulum
1179 747 1377 794 adventus,
1397 754 1439 785 ut
1457 747 1519 785 vix

127 829 186 862 190
203 813 251 849 ab
277 811 322 848 iis
347 811 580 848 abstinerent
607 822 755 856 manus,
777 822 941 860 quorum
969 812 1177 850 temeritate
1206 812 1245 849 in
1274 825 1361 850 eum
1391 812 1518 850 locum

203 876 354 915 deducti
375 882 514 921 essent,
535 887 699 925 quorum
719 875 872 925 ignavia
889 876 1037 914 foedius
1058 877 1158 922 inde,
1179 889 1295 926 quam
1315 878 1518 923 venissent,

203 941 361 980 abituri:
390 941 460 978 illis
489 953 570 978 non
596 940 734 978 ducem
759 940 945 987 locorum,
965 953 1045 979 non
1071 941 1351 991 exploratorem
1378 942 1492 981 fuisse
1507 956 1518 991 ς

201 1008 399 1045 beluarum
418 1006 537 1044 modo
558 1018 694 1044 caecos
714 1007 752 1044 in
773 1005 923 1043 foveam
942 1005 1082 1055 lapsos.
1138 1007 1214 1044 Alii
1240 1008 1334 1045 alios
1360 1009 1518 1056 intueri;

203 1072 453 1121 contemplari
481 1084 587 1109 arma
615 1083 706 1109 mox
734 1071 918 1109 tradenda
943 1078 980 1108 et
1008 1072 1171 1110 inermes
1198 1072 1341 1110 futuras
1367 1073 1518 1112 dextras

127 1151 185 1185 ¹95
202 1138 449 1186 obnoxiaque
491 1149 655 1186 corpora
691 1137 792 1175 hosti
812 1150 822 1183 3
870 1148 1086 1186 proponere
1129 1138 1282 1175 sibimet
1319 1138 1391 1187 ipsi
1429 1145 1518 1177 ante

201 1205 335 1243 oculos
363 1204 496 1253 iugum
521 1202 657 1240 hostile
686 1209 723 1240 et
751 1202 912 1240 ludibria
934 1203 1084 1241 victoris
1113 1210 1150 1241 et
1179 1204 1302 1241 vultus
1333 1205 1518 1253 superbos

200 1276 238 1308 et
257 1281 325 1318 per
344 1275 511 1306 armatos
530 1267 732 1305 inermium
751 1268 830 1314 iter,
850 1268 940 1305 inde
960 1268 1062 1306 foedi
1082 1269 1244 1317 agminis
1264 1268 1519 1306 miserabilem

201 1335 302 1372 viam
329 1347 398 1384 per
427 1334 619 1372 sociorum
647 1333 772 1379 urbes,
800 1333 965 1371 reditum
994 1333 1032 1370 in
1060 1333 1222 1382 patriam
1251 1333 1300 1371 ad
1328 1341 1518 1383 parentes,

202 1412 279 1450 quo
309 1411 424 1449 saepe
458 1399 531 1448 ipsi
564 1398 806 1447 maioresque
834 1409 968 1436 eorum
996 1398 1273 1447 triumphantes
1301 1399 1519 1438 venissent:

125 1482 188 1506 200
204 1480 244 1505 se
274 1466 378 1504 solos
407 1466 489 1504 sine
514 1465 679 1511 vulnere,
701 1465 782 1502 sine
811 1464 922 1510 ferro,
947 1465 1027 1502 sine
1057 1464 1138 1502 acie
1164 1465 1307 1511 victos;
1339 1465 1409 1502 sibi
1439 1477 1519 1503 non

203 1533 386 1582 stringere
414 1531 563 1569 licuisse
591 1530 752 1580 gladios,
777 1541 857 1567 non
883 1541 1041 1567 manum
1067 1541 1155 1567 cum
1181 1529 1290 1567 hoste
1321 1529 1493 1568 conferre
1508 1543 1518 1577 ;

203 1599 274 1636 sibi
312 1597 570 1646 nequicquam
607 1596 756 1634 animos
795 1596 915 1633 datos.
991 1595 1101 1632 Haec
1139 1594 1388 1633 frementibus
1425 1595 1521 1634 hora

202 1663 326 1701 fatalis
356 1662 590 1712 ignominiae
622 1660 785 1706 advenit,
817 1661 948 1698 omnia
978 1660 1139 1698 tristiora
1169 1659 1408 1710 experiundo
1442 1660 1519 1698 fac-

202 1736 297 1773 tura,
327 1739 443 1778 quarn
472 1739 570 1776 quae
599 1733 870 1776 praeceperant
898 1725 1045 1763 animis.

730 1882 763 1913 7.
812 1872 875 1905 ‘she
901 1872 995 1906 ωε.

125 1983 186 2016 205
259 1970 342 2006 Iam
368 1967 533 2016 primum
560 1977 648 2003 cum
679 1965 838 2014 singulis
863 1964 1097 2002 vestimentis
1124 1964 1290 2002 inermes
1316 1971 1421 2002 extra
1443 1965 1518 2002 val-

205 2036 283 2072 lum
310 2034 412 2071 exire
441 2032 543 2077 iussi,
564 2037 601 2068 et
626 2031 736 2080 primi
762 2030 885 2068 traditi
914 2030 1068 2068 obsides
1096 2037 1209 2079 atque
1238 2030 1276 2067 in
1306 2031 1519 2068 custodiam

204 2099 368 2138 abducti.
427 2097 530 2134 Tum
552 2108 574 2133 a
595 2095 817 2133 consulibus
846 2095 950 2133 abire
970 2095 1121 2133 lictores
1150 2095 1239 2133 iussi
1270 2095 1519 2144 paludamen-

205 2174 317 2216 taque
348 2165 539 2209 detracta;
580 2162 617 2199 id
646 2168 791 2199 tantam
826 2161 921 2199 inter
950 2161 1067 2210 ipsos,
1097 2161 1161 2210 qui
1190 2160 1306 2210 paulo
1335 2168 1423 2198 ante
1452 2173 1521 2201 eos

204 2237 446 2270 exsecrantes
476 2227 675 2266 dedendos
708 2226 1009 2276 lacerandosque
1039 2233 1276 2270 censuerant,
1307 2226 1519 2265 miseratio-

126 2312 186 2334 210
206 2309 295 2335 nem
320 2295 418 2340 fecit,
440 2302 480 2332 ut
509 2306 598 2332 suae
620 2293 781 2343 quisque
811 2291 1050 2330 condicionis
1078 2291 1218 2329 oblitus
1247 2291 1296 2328 ab
1317 2291 1376 2328 illa
1397 2291 1519 2330 desor-
