1663 2564
361 138 425 171 JV.
484 137 640 168 FRESH
667 136 854 168 APPEAL
889 136 946 167 To
975 135 1144 167 MJGHT.
1357 137 1406 168 21

92 236 254 275 militum
273 237 452 276 consules
481 236 573 275 odio
601 237 640 274 in
660 235 791 275 hostes
818 236 979 275 cessisse
1006 242 1071 274 aut
1090 246 1290 281 cessuros;
1320 233 1412 283 quin

93 303 212 341 duces
244 303 339 341 sicut
369 303 468 349 belli,
498 303 549 340 ita
579 302 801 340 insatiabilis
835 302 1011 352 supplicii
1042 301 1186 339 futuros
1217 301 1344 345 fuisse,
1373 299 1412 336 ni

91 375 288 418 respectus
317 369 489 418 equitum
518 374 798 414 sexcentorum,
820 368 884 418 qui
913 367 1097 405 Luceriae
1125 366 1282 404 obsides
1309 372 1413 403 tene·
1429 366 1491 407 565

92 440 233 480 rentur,
248 434 510 483 praepedisset
528 433 691 478 animos,
707 445 756 470 ne
776 433 978 482 desperata
996 432 1105 469 venia
1124 431 1255 469 hostes
1274 442 1413 469 caecos

92 499 132 536 in
167 498 354 548 supplicia
383 509 516 535 eorum
548 505 689 547 ageret,
718 497 878 547 perdere
911 497 1016 547 prius
1044 509 1161 546 quam
1194 496 1315 546 perire
1343 507 1413 545 op-

92 569 228 601 tantes.
285 562 460 600 Laudare
480 575 526 600 ea
545 562 682 600 milites
702 562 919 612 laetarique,
940 562 1092 600 obviarn
1113 563 1207 599 itum
1227 563 1304 599 irae
1323 572 1414 599 suae

94 639 190 673 esse,
211 639 257 665 ac
283 627 402 672 fateri,
423 627 554 665 omnia
573 627 753 676 patienda
772 627 912 676 potius,
933 638 1049 676 quam
1069 626 1292 676 proderetur
1312 626 1413 664 salus

93 700 149 731 tot
168 693 384 743 principum
405 691 607 730 Romanae
627 693 839 730 iuventutis.
1433 686 1496 721 57⁰

525 808 558 841 6.
608 808 751 841 Luceria
776 806 984 852 capitulares.

150 887 319 926 Dimissa
352 888 544 935 contione,
579 888 781 926 consilium
814 887 998 934 habitum,
1031 888 1262 926 omnibusne
1294 888 1416 938 copiis

95 952 297 991 Luceriam
316 960 545 1003 premerent,
566 965 616 991 an
641 954 760 992 altero
789 954 955 992 exercitu
980 960 1018 991 et
1043 953 1139 991 duce
1164 953 1279 1003 Apuli
1305 955 1416 998 circa,

96 1031 193 1068 gens
223 1019 361 1057 dubiae
391 1019 440 1057 ad
469 1019 507 1057 id
535 1019 749 1066 voluntatis,
771 1025 1015 1057 tentarentur.
1073 1017 1255 1055 Publilius
1283 1019 1418 1057 consul

97 1083 147 1122 ad
175 1084 454 1133 peragrandam
482 1084 676 1134 profectus
697 1084 876 1134 Apuliam
902 1085 1048 1134 aliquot
1072 1084 1316 1133 expeditione
1341 1096 1418 1121 una

97 1149 264 1199 populos
294 1156 358 1187 aut
377 1150 412 1186 vi
441 1149 593 1198 subegit
622 1155 686 1187 aut
714 1149 1007 1187 condicionibus
1036 1149 1076 1186 in
1105 1149 1326 1187 societatem
1356 1161 1417 1187 ac·
1437 1157 1499 1190 575

98 1215 208 1264 cepit.
280 1214 434 1265 Papirio
472 1226 638 1264 quoque,
677 1215 742 1263 qui
781 1215 963 1252 obsessor
1001 1213 1184 1252 Luceriae
1222 1214 1418 1259 restiterat,

98 1279 203 1316 brevi
237 1279 286 1317 ad
325 1291 433 1328 spem
468 1286 626 1316 eventus
664 1279 886 1328 respondit;
930 1290 1020 1316 nam
1053 1278 1208 1316 insessis
1241 1279 1421 1316 omnibus

99 1345 178 1390 viis,
208 1356 276 1394 per
304 1356 400 1394 quas
430 1351 668 1382 commeatus
698 1356 746 1381 ex
778 1343 936 1381 Samnio
971 1343 1288 1389 subvehebantur‚
1321 1343 1421 1381 fame

100 1409 235 1447 domiti
271 1408 473 1454 Samnites,
508 1409 572 1458 qui
605 1408 790 1446 Luceriae
823 1409 862 1446 in
897 1409 1087 1459 praesidio
1120 1416 1239 1455 erant,
1273 1408 1420 1458 legatos

100 1475 237 1512 misere
270 1474 320 1511 ad
353 1473 552 1512 consulem
586 1473 820 1520 Romanum,
850 1480 902 1519 ut,
931 1475 1094 1523 receptis
1127 1474 1326 1523 equitibus,
1356 1475 1418 1523 qui
1438 1473 1503 1514 580

101 1551 218 1578 causa
255 1539 343 1577 belli
380 1545 520 1585 essent,
559 1539 756 1577 absisteret
793 1539 1008 1577 obsidione.
1070 1539 1122 1576 Iis
1160 1539 1333 1588 Papirius
1371 1540 1421 1576 ita

102 1604 312 1655 respondit,
338 1604 516 1642 debuisse
545 1615 613 1642 eos
639 1604 819 1642 Pontium
850 1603 1037 1642 Herennii
1066 1604 1195 1650 filium,
1225 1617 1303 1654 quo
1332 1616 1421 1642 auc-

103 1677 186 1708 tore
220 1669 422 1707 Romanos
455 1669 527 1706 sub
557 1669 690 1718 iugum
721 1669 925 1714 misissent,
955 1669 1165 1715 consulere,
1194 1670 1287 1718 quid
1315 1670 1422 1708 victis

102 1734 327 1786 patiendum
362 1741 560 1781 censeret;
600 1740 769 1772 ceterum
803 1735 986 1784 quoniam
1020 1735 1068 1772 ab
1102 1734 1275 1773 hostibus
1308 1735 1347 1772 in
1381 1747 1422 1773 se

104 1812 228 1849 aequa
248 1799 360 1837 statui
381 1811 498 1848 quarn
518 1799 556 1836 in
584 1811 624 1837 se
653 1799 725 1848 ipsi
750 1798 845 1836 ferre
873 1799 1085 1845 maluerint,
1106 1801 1279 1838 nuntiare
1300 1799 1420 1838 Luce·
1441 1798 1502 1840 585

103 1865 199 1903 riam
232 1865 353 1910 iussit,
383 1876 499 1910 arma,
532 1865 712 1911 sarcinas,
743 1865 923 1911 iumenta,
952 1864 1232 1903 multitudinem
1266 1877 1423 1903 omnem

104 1930 299 1968 imbellem
319 1931 416 1967 intra
435 1931 590 1966 moenia
609 1930 865 1979 relinquerent
877 1943 888 1977 ς
918 1930 1075 1968 militem
1097 1942 1137 1968 se
1157 1943 1244 1968 curn
1266 1931 1424 1981 singulis

105 1995 339 2033 vestimentis
370 1995 442 2032 sub
472 1995 602 2044 iugum
636 1995 854 2041 missurum,
883 1995 1130 2033 ulciscentem
1163 1996 1317 2043 illatam,
1346 2008 1424 2034 non

104 2072 245 2099 novam
274 2059 500 2098 inferentem
530 2061 794 2109 ignominiam.
852 2059 956 2097 Nihil
976 2067 1202 2099 recusatum.

329 2186 362 2217 7.
412 2175 502 2210 How
528 2176 582 2210 the
606 2176 752 2210 Romans
777 2176 874 2210 show
899 2176 985 2210 their
1011 2176 1208 2220 Generosity.

160 2253 317 2306 Septem
337 2255 454 2293 millia
473 2255 633 2293 militum
655 2256 727 2293 sub
747 2256 879 2305 iugum
900 2256 1027 2302 missa,
1048 2257 1268 2307 praedaque
1287 2257 1425 2307 ingens
1444 2267 1508 2301 590

106 2321 291 2359 Luceriae
320 2328 443 2371 capta,
471 2322 634 2371 receptis
664 2321 844 2359 omnibus
874 2322 992 2370 signis
1021 2322 1223 2372 armisque,
1250 2335 1349 2372 quae
1378 2324 1427 2361 ad
