1663 2564
287 134 360 164 III.
424 133 515 164 THE
542 132 739 164 RETURN
769 132 827 163 OF
859 131 948 163 THE
978 131 1269 174 CONQUERED.
1410 134 1436 177 9

119 231 288 270 matione
311 237 440 270 tantae
468 231 678 270 maiestatis
697 232 798 270 velut
817 232 866 269 ab
886 231 1056 269 nefando
1086 230 1304 281 spectaculo
1332 242 1438 268 aver-

119 288 214 335 teret
246 297 391 336 oculos.
458 296 574 335 Primi
607 297 786 335 consules
819 309 941 346 prope
975 297 1166 335 seminudi
1199 297 1271 335 sub
1304 295 1437 345 iugum

119 362 226 400 missi
240 374 250 410 ;
280 369 361 400 tum
387 369 428 401 ut
454 363 616 413 quisque
644 362 766 412 gradu
792 363 992 412 proximus
1019 369 1108 408 erat,
1128 362 1179 399 ita
1204 361 1437 411 ignominiae

119 427 318 475 obiectus;
357 434 439 466 turn
467 427 651 477 deinceps
680 427 852 476 singulae
881 427 1065 476 legiones.
1127 426 1439 465 Circumstabant

120 493 254 530 armati
279 492 423 539 hostes,
443 493 717 542 exprobrantes
744 492 1043 542 eludentesque;
1073 492 1189 541 gladii
1216 492 1332 529 etiarn
1357 491 1437 541 ple·
1457 500 1518 533 215

120 557 248 609 risque
285 558 470 604 intentati,
504 565 541 596 et
577 558 760 595 vulnerati
798 557 955 606 quidam
993 557 1205 607 necatique,
1245 557 1276 594 si
1314 556 1438 594 vultus

120 635 255 661 eorum
288 624 514 673 indignitate
546 635 673 661 rerum
706 622 828 661 acrior
861 616 1044 660 victorer'n
1078 623 1312 661 offendisset.
1381 622 1440 660 Ita

119 689 282 727 traducti
309 690 380 727 sub
400 689 533 738 iugum
553 696 601 735 et,
622 688 728 739 quod
748 700 871 737 paene
897 688 1048 738 gravius
1072 695 1161 734 erat,
1183 700 1250 738 per
1270 688 1439 726 hostium

119 754 253 792 oculos
273 766 392 803 quum
420 766 440 791 e
468 754 564 792 saltu
591 754 812 800 evasissent,
833 754 901 791 etsi
922 753 1022 791 velut
1047 754 1096 791 ab
1124 753 1253 791 inseris
1280 752 1438 791 extracti

119 825 200 856 tum
227 819 393 868 primum
421 819 547 857 lucem
575 819 773 869 adspicere
801 819 870 857 visi
899 826 998 864 sunt,
1023 825 1152 857 tamen
1180 819 1266 868 ipsa
1293 819 1357 857 lux
1385 819 1438 857 ita
1458 837 1519 860 220

54 909 58 912 -
119 883 292 923 deforme
313 884 546 923 intuentibus
566 896 707 934 agmen
727 885 834 923 omni
853 892 976 923 morte
997 885 1136 923 tristior
1156 884 1234 922 fuit.

121 1157 203 1199 III.
263 1156 397 1198 THE
434 1155 700 1198 RETURN
738 1155 819 1198 OF
855 1156 988 1197 THE
1026 1155 1438 1211 CONQUERED.

450 1304 479 1326 1.
528 1294 618 1327 How
642 1293 696 1326 the
722 1292 828 1326 Allies
854 1293 980 1326 receive
1005 1293 1104 1327 them.

173 1399 307 1448 Itaque
344 1411 463 1448 quum
501 1406 590 1436 ante
627 1405 782 1437 noctem
816 1398 992 1447 Capuam
1030 1399 1228 1449 pervenire
1265 1405 1437 1450 possent,

119 1465 251 1503 incerti
273 1465 319 1502 de
346 1464 419 1502 fide
450 1465 654 1510 sociorum,
678 1472 714 1502 et
741 1464 847 1514 quod
877 1464 1000 1514 pudor
1027 1465 1311 1514 praepediebat,
1336 1466 1438 1503 circa

119 1530 219 1568 viam
241 1529 345 1567 haud
365 1530 499 1579 procul
519 1529 654 1579 Capua
677 1531 852 1567 omnium
879 1542 1003 1579 egena
1031 1542 1194 1579 corpora
1217 1530 1323 1568 humi
1349 1543 1436 1580 pro-

120 1601 341 1634 straverunt.
397 1594 516 1641 Quod
545 1595 611 1632 ubi
642 1601 699 1633 est
728 1594 902 1644 Capuam
932 1595 1158 1641 nuntiatum,
1187 1596 1296 1634 evicit
1324 1597 1437 1634 mise·
1457 1614 1518 1648 ²²5

119 1661 215 1698 ratio
238 1661 337 1698 iusta
360 1660 551 1698 sociorum
577 1660 796 1710 superbiam
823 1661 1032 1710 ingenitam
1053 1660 1274 1711 Campanis.
1333 1661 1438 1700 Con-

119 1726 249 1765 festim
277 1726 442 1776 insignia
471 1738 539 1764 sua
567 1725 800 1771 consulibus,
822 1725 956 1772 fasces,
980 1726 1142 1773 lictores,
1165 1739 1282 1773 arma,
1304 1740 1438 1777 equos,

119 1792 355 1838 vestimenta,
376 1798 615 1830 commeatus
635 1791 816 1829 militibus
835 1791 1002 1840 benigne
1023 1792 1200 1839 mittunt;
1229 1799 1267 1830 et
1286 1794 1440 1831 venien-

124 1859 230 1897 tibus·
253 1858 429 1907 Capuam
455 1865 615 1895 cunctus
640 1865 794 1895 senatus
819 1857 1061 1907 populusque
1086 1859 1238 1895 obviarn
1265 1871 1441 1908 egressus

120 1926 228 1965 iustis
257 1924 436 1963 omnibus
465 1923 716 1972 hospitalibus
746 1923 976 1972 privatisque
1010 1930 1046 1960 et
1076 1923 1238 1972 publicis
1272 1924 1440 1974 fungitur
1461 1945 1522 1976 ²30

64 2001 70 2006 ·
121 1990 267 2030 officiis.
324 1988 462 2039 Neque
489 1988 560 2025 illis
589 1988 782 2025 sociorum
809 1988 970 2026 comitas
992 1987 1190 2038 vultusque
1217 1989 1374 2038 benigni
1403 1998 1439 2028 et

122 2056 288 2106 alloquia
325 2066 405 2093 non
443 2053 561 2091 modo
599 2065 819 2091 sermonem
857 2053 1001 2099 elicere,
1037 2054 1103 2092 sed
1141 2067 1190 2092 ne
1227 2062 1268 2092 ut
1305 2056 1439 2094 oculos

123 2123 279 2175 quidem
299 2120 514 2159 attollerent
533 2126 597 2157 aut
612 2119 856 2158 consolantes
878 2119 1023 2157 amicos
1044 2127 1175 2158 contra
1194 2121 1438 2168 intuerentur,

124 2188 272 2228 efficere
311 2191 519 2236 poterant;
568 2185 666 2223 adeo
710 2197 823 2234 super
862 2196 1075 2223 maerorem
1118 2186 1244 2235 pudor
1281 2188 1438 2237 quidam

125 2255 257 2305 fugere
285 2251 476 2302 colloquia
503 2257 541 2289 et
568 2256 702 2289 coetus
731 2249 932 2288 hominum
961 2251 1136 2301 cogebat.
1461 2268 1523 2301 ²35
