1663 2564
236 557 396 606 THE
448 558 792 606 CAUDINE
846 560 1228 610 DISASTER·

553 712 592 745 Β.
607 712 644 745 C.
679 714 917 755 321—320.

149 1027 184 1071 Ι.
243 1028 567 1072 SAMNITES
610 1030 854 1072 DRIVEN
896 1031 980 1074 TO
1023 1031 1313 1075 DESPAIR.

622 1147 708 1181 B.C.
742 1148 837 1189 321.

247 1283 275 1306 1.
324 1273 452 1306 Return
477 1274 519 1315 qf
535 1273 588 1306 the
613 1274 763 1307 Samnite
786 1273 953 1316 Embassy
965 1275 1066 1316 from
1092 1274 1204 1310 Rome.

126 1364 326 1408 SEQurruk
358 1365 460 1404 hunc
494 1378 639 1404 annum
678 1366 816 1404 nobilis
855 1366 963 1404 clade
998 1366 1179 1405 Romana
1211 1366 1388 1407 Caudina

71 1443 146 1481 pax
179 1429 227 1468 T.
256 1429 415 1468 Veturio
448 1429 621 1477 Calvino,
654 1430 718 1481 Sp.
753 1431 952 1469 Postumio
985 1432 1219 1471 consulibus.
1278 1433 1386 1472 Sam-

71 1497 168 1534 nites
204 1507 252 1534 eo
290 1507 393 1534 anno
431 1496 700 1546 imperatorem
739 1496 786 1535 G.
823 1496 1004 1535 Pontium
1042 1497 1230 1536 Herennii
1268 1499 1387 1538 filium

68 1561 295 1608 habuerunt,
315 1567 421 1610 patre
444 1561 559 1611 longe
582 1562 880 1612 prudentissimo
907 1569 1052 1609 natum,
1073 1564 1240 1614 primum
1259 1565 1386 1614 ipsum

69 1627 293 1665 bellatorem
322 1626 548 1676 ducemque.
606 1626 657 1673 Is,
681 1628 746 1665 ubi
775 1627 900 1677 legati,
927 1628 993 1678 qui
1021 1628 1072 1666 ad
1099 1628 1296 1668 dedendas
1325 1643 1386 1669 res
1404 1639 1421 1672 5

69 1691 176 1729 missi
203 1697 320 1737 erant,
341 1703 437 1741 pace
466 1690 607 1729 insecta
635 1692 839 1739 redierunt,
861 1692 946 1731 ‘Ne
975 1692 1068 1730 nihil
1096 1694 1242 1732 actum'
1264 1696 1387 1746 inquit

69 1757 168 1795 ‘hac
196 1757 387 1806 legatione
414 1757 612 1802 censeatis,
635 1758 829 1806 expiatum
857 1765 924 1804 est,
949 1759 1131 1808 quicquid
1157 1771 1205 1797 ex
1232 1759 1387 1800 foedere

67 1829 182 1873 rupto
203 1823 344 1864 irarum
368 1822 407 1860 in
432 1834 504 1861 nos
530 1822 749 1861 caelestium
776 1823 856 1861 suit.
913 1823 1012 1862 Satis
1038 1825 1127 1870 scio,
1149 1825 1385 1875 quibuscun-

67 1900 142 1938 que
166 1887 237 1926 diis
266 1887 372 1925 cordi
399 1887 468 1925 suit
496 1888 620 1937 subigi
646 1900 720 1926 nos
748 1888 797 1926 ad
825 1890 1092 1927 necessitatem
1119 1891 1284 1929 dedendi
1310 1903 1383 1939 res,

67 1965 165 2004 quae
193 1953 243 1991 ab
270 1953 384 1991 nobis
412 1965 460 1991 ex
488 1952 642 1992 foedere
673 1954 854 2003 repetitae
888 1954 1047 2001 fuerant,
1075 1956 1120 1994 iis
1153 1968 1234 1994 non
1266 1956 1383 1996 fuisse
1403 1969 1442 1993 10

66 2018 173 2057 cordi
201 2025 280 2056 tam
309 2018 472 2068 superbe
502 2019 551 2056 ab
581 2018 770 2057 Romanis
798 2019 963 2058 foederis
993 2021 1250 2070 expiationem
1279 2035 1383 2073 spre-

66 2091 156 2122 tam.
212 2083 318 2131 Quid
343 2084 447 2122 enim
473 2084 569 2122 ultra
595 2084 674 2122 fieri
700 2084 749 2122 ad
774 2084 986 2134 placandos
1012 2086 1107 2124 deos
1132 2087 1383 2137 mitigandos-

66 2161 141 2199 que
159 2149 338 2188 homines
356 2150 492 2200 potuit,
513 2161 630 2199 quam
650 2150 756 2200 quod
775 2162 848 2188 nos
868 2150 1056 2189 fecimus?
1112 2151 1192 2190 Res
1215 2152 1382 2191 hostium

65 2214 105 2252 in
133 2214 276 2264 praeda
304 2221 447 2265 captas,
471 2226 569 2264 quae
599 2215 686 2253 belli
713 2215 792 2253 iure
821 2222 976 2253 nostrae
1004 2215 1240 2263 videbantur,
1268 2219 1381 2257 remi-

65 2279 206 2327 simus;
237 2286 412 2319 auctores
439 2280 538 2327 belli,
566 2281 655 2331 quia
683 2280 787 2319 vivos
816 2293 897 2319 non
924 2283 1132 2332 potuimus,
1158 2282 1379 2333 perfunctos
1400 2297 1436 2330 ¹5

711 2359 732 2385 13
