1663 2564
275 128 347 159 ῙῙῙ.
414 127 504 160 THE
532 127 732 160 RETURN
761 128 819 159 ΟΡ
852 128 943 159 THE
973 128 1265 170 CONQUERED.
1378 131 1428 175 13

111 237 248 265 omnes
267 227 443 267 laudibus
462 228 581 267 modo
601 234 879 279 prosequentes
899 228 1019 266 virum
1040 229 1079 266 in
1099 229 1326 267 sententiam
1346 228 1428 267 eius

110 292 275 342 pedibus
302 294 411 339 irent,
439 301 582 332 tentata
609 294 802 344 paulisper
829 294 1052 332 intercessio
1081 301 1139 333 est
1171 295 1219 332 ab
1249 294 1293 333 L.
1317 294 1426 333 Livio
1445 311 1506 344 3²5

111 364 149 396 et
181 357 231 405 Q.
264 359 409 398 Maelio
445 360 606 398 tribunis
638 359 772 410 plebis,
806 359 872 409 qui
909 372 1034 410 neque
1067 360 1211 398 exsolvi
1243 360 1428 409 religione

110 423 298 473 populum
317 425 469 462 aiebant
488 424 681 463 deditione
702 437 781 472 sua,
798 426 870 464 nisi
890 426 1019 463 omnia
1039 424 1286 470 Samnitibus,
1303 425 1428 475 qualia

111 489 216 538 apud
254 488 446 527 Caudium
484 490 655 535 fuissent,
689 491 984 536 restituerentur,
1020 502 1146 540 neque
1183 503 1225 528 se
1262 502 1333 540 pro
1366 501 1426 535 eo,

88 550 218 603 'quod
251 555 483 604 spondendo
517 568 653 604 pacem
688 563 902 594 servassent
935 557 1144 594 exercitum
1178 556 1311 606 populi
1345 555 1427 593 Ro-

110 619 226 665 mani,
263 631 431 669 poenam
467 620 584 658 ullam
621 621 777 659 meritos
815 633 909 666 esse,
948 633 1074 671 neque
1114 621 1164 658 ad
1201 628 1425 667 extremum,
1445 630 1508 662 330

109 695 229 734 quum
257 686 491 724 sacrosancti
520 693 660 731 essent,
690 687 779 724 dedi
807 686 981 725 hostibus
1009 686 1183 725 violarive
1212 698 1340 736 posse.

470 847 503 880 6.
551 847 615 880 sse
643 847 775 881 Adw'ce
798 848 841 889 of
858 847 912 881 the
936 845 1067 881 Consul.

163 942 266 981 Tum
300 943 518 983 Postumius
553 944 730 983 ‘Interea
762 944 910 982 dedite'
942 944 1066 993 inquit
1101 942 1309 993 ‘profanos
1341 954 1426 989 nos,

108 1021 207 1060 quos
230 1009 333 1047 salva
355 1009 539 1059 religione
561 1010 747 1060 potestis;
778 1009 924 1048 dedetis
950 1008 1089 1047 deinde
1115 1014 1152 1046 et
1177 1009 1271 1046 istos
1297 1020 1426 1046 sacro·

107 1081 274 1121 sanctos,
303 1086 422 1124 quum
451 1075 618 1124 primum
647 1076 869 1125 magistratu
898 1075 1070 1120 abierint,
1099 1073 1178 1120 sed,
1207 1073 1239 1111 si
1266 1085 1330 1111 me
1358 1085 1425 1112 au-

108 1140 230 1186 diatis,
263 1141 484 1190 priusquam
522 1140 721 1186 dedantur,
755 1141 817 1179 hic
853 1141 892 1178 in
931 1140 1087 1178 comitio
1125 1139 1239 1188 virgis
1277 1150 1424 1185 caesos,
1443 1155 1502 1187 335

107 1205 207 1244 hanc
241 1205 318 1242 iam
350 1211 391 1242 ut
423 1205 665 1243 intercalatae
702 1217 854 1255 poenae
886 1218 1042 1244 usuram
1075 1205 1253 1243 habeant.
1320 1202 1423 1241 Nam

107 1270 213 1321 quod
235 1270 429 1308 deditione
455 1277 587 1309 nostra
612 1279 756 1320 negant
781 1270 926 1309 exsolvi
951 1270 1135 1320 religione
1161 1268 1360 1319 populum,
1384 1267 1424 1306 id

105 1336 200 1373 istos
218 1335 354 1384 magis,
374 1347 423 1373 ne
443 1335 642 1382 dedantur,
661 1347 778 1385 quam
799 1335 887 1386 quia
906 1335 957 1374 ita
976 1347 1016 1373 se
1036 1347 1096 1373 res
1114 1335 1264 1379 habeat,
1286 1333 1424 1379 dicere,

105 1401 191 1451 quis
221 1400 320 1438 adeo
349 1401 441 1438 iuris
470 1400 652 1438 fetialium
683 1412 821 1450 expers
851 1408 921 1446 est,
951 1401 1016 1451 qui
1048 1399 1227 1449 ignoret?
1285 1398 1422 1449 Neque

105 1479 179 1517 ego
218 1467 358 1505 infitias
396 1478 456 1512 eo,
495 1473 622 1516 patres
664 1466 879 1515 conscripti,
917 1473 995 1503 tam
1036 1465 1267 1515 sponsiones
1306 1476 1422 1515 quam
1442 1475 1506 1507 340

104 1532 261 1570 foedera
293 1538 426 1570 sancta
458 1544 543 1570 esse
581 1531 684 1581 apud
722 1543 790 1570 eos
823 1531 1011 1577 homines,
1046 1530 1149 1580 apud
1181 1541 1280 1579 quos
1317 1529 1423 1567 iuxta

104 1597 252 1636 divinas
278 1597 482 1648 religiones
510 1597 605 1635 fides
634 1597 803 1635 humana
831 1596 986 1642 colitur;
1021 1596 1089 1634 sed
1116 1596 1262 1634 iniussu
1290 1595 1422 1645 populi

104 1675 208 1714 nego
236 1663 443 1714 quicquam
472 1663 608 1701 sanciri
642 1675 770 1713 posse,
799 1662 906 1712 quod
934 1661 1122 1712 populum
1151 1667 1288 1699 teneat.
1345 1661 1421 1707 An,

104 1730 136 1767 si
155 1729 291 1767 eadem
312 1729 500 1778 superbia,
520 1741 597 1778 qua
617 1729 870 1778 sponsionem
889 1727 1000 1766 istam
1021 1732 1290 1776 expresserunt
1309 1726 1421 1764 nobis

104 1793 308 1840 Samnites,
341 1794 559 1843 coegissent
591 1805 664 1831 nos
697 1794 813 1831 verba
849 1792 1019 1841 legitima
1052 1791 1274 1829 dedentium
1307 1791 1421 1829 urbes
1440 1803 1502 1836 3⁴5

102 1857 336 1910 nuncupare,
367 1859 538 1897 deditum
572 1859 758 1910 populum
793 1858 1016 1896 Romanum
1046 1869 1114 1895 vos
1147 1857 1287 1894 tribuni
1319 1856 1421 1895 dice-

102 1926 202 1973 retis,
233 1932 271 1964 et
297 1925 398 1963 hanc
428 1926 575 1971 urbem,
606 1925 759 1974 templa,
791 1924 957 1969 delubra,
987 1923 1093 1969 fines,
1123 1935 1243 1973 aquas
1273 1923 1422 1961 Samni-

102 1992 197 2029 tium
234 1991 354 2029 esse?
423 1989 572 2029 Omitto
611 1990 858 2035 deditionem,
896 1989 1080 2039 quoniam
1117 1988 1166 2027 de
1209 1989 1420 2038 sponsione

103 2057 252 2106 agitur3
281 2056 373 2107 quid
402 2056 570 2102 tandem,
593 2056 626 2094 si
652 2054 1006 2105 spopondissemus,
1025 2054 1161 2092 urbem
1185 2053 1286 2093 hanc
1310 2053 1419 2092 relic·

102 2130 230 2162 turum
247 2122 436 2173 populum
457 2121 709 2160 Romanum?
740 2121 773 2159 si
797 2120 1072 2159 incensurum?
1105 2120 1137 2158 si
1161 2120 1415 2170 magistratus,
1437 2128 1500 2160 350

101 2189 134 2228 si
154 2194 339 2234 senatum,
360 2188 391 2225 si
410 2187 516 2237 leges
535 2199 615 2225 non
634 2187 880 2225 habiturum?
908 2186 939 2224 si
960 2187 1033 2224 sub
1051 2185 1204 2235 regibus
1223 2185 1417 2225 futurum?

100 2253 154 2292 Di
178 2253 346 2299 meliora,
366 2252 505 2302 inquis.
561 2253 679 2302 Atqui
705 2264 784 2291 non
813 2252 1017 2302 indignitas
1045 2263 1171 2290 rerum
1197 2251 1418 2302 sponsionis

101 2318 294 2358 vinculum
312 2317 411 2356 levat
423 2331 434 2366 ;
463 2318 496 2357 si
515 2318 607 2369 quid
630 2324 698 2365 est,
718 2318 757 2356 in
777 2317 882 2368 quod
905 2317 1066 2368 obligari
1091 2317 1257 2368 populus
1283 2318 1418 2367 possit,
